3130 5304
398 649 472 722 ‘sed
495 655 571 748 quid
591 675 674 736 rasa,
696 652 827 736 malum,
849 655 971 722 circum
986 653 1043 722 dat
1064 661 1194 744 guttura
1216 646 1375 720 lerrum?’

440 767 497 840 ‘ne
519 773 677 842 custodita
699 775 747 840 las
769 774 811 840 sit
832 773 919 842 abire
941 767 1056 842 domo?

405 894 452 980 [at
472 903 508 961 tu
529 916 647 984 magna
670 893 724 962 diu
745 893 954 962 moribundus
977 891 1078 960 lustra
1099 913 1257 982 pererras,

365 1033 395 1077 ro
452 1013 556 1082 donec
578 1038 615 1081 se
636 1013 724 1082 silvis
748 1013 843 1080 obvia
863 1011 984 1102 praeda
1005 1012 1096 1079 ferat.

405 1153 507 1222 perge
527 1133 625 1222 igitur
645 1133 763 1200 nostris
785 1140 841 1198 tua
862 1128 1001 1199 subdere
1023 1129 1107 1198 colla
1128 1131 1260 1211 catenis,

450 1251 528 1318 dum
549 1249 647 1319 liceat
666 1249 776 1319 faciles
798 1250 1015 1343 promeruisse
1037 1245 1155 1340 dapes?

406 1372 552 1461 protinus
573 1370 628 1438 ille
650 1393 783 1462 gravem
805 1371 926 1461 gemitu
947 1367 1103 1438 collectus
1124 1369 1157 1436 in
1177 1370 1258 1436 iram

450 1498 547 1581 atque
568 1492 662 1558 ferox
684 1490 781 1558 animi
800 1488 909 1557 nobile
929 1509 1076 1554 murmur
1097 1488 1184 1578 agit]

366 1601 517 1677 rs‘vade³
539 1610 584 1676 ait
599 1603 649 1676 ‘et
670 1610 791 1677 meritis
813 1607 936 1677 nodrun
956 1605 1079 1674 nodum
1100 1608 1278 1676 cervicibus
1299 1608 1390 1691 infer,

450 1738 715 1821 conpensentque
736 1737 827 1796 tuam
848 1725 978 1796 vincula
1000 1725 1081 1794 dura
1100 1728 1229 1794 famem.

407 1846 454 1936 [at
475 1869 549 1914 mea
572 1867 647 1914 cunr
667 1848 781 1916 vacuis
803 1845 933 1914 libertas
956 1845 1101 1914 redditur
1123 1849 1231 1930 antris,

450 1967 597 2056 quamvis
617 1967 755 2050 ieiunus,
774 1988 858 2058 quae
878 1964 957 2033 libet
979 1987 1057 2032 arva
1078 1966 1178 2057 peto]

404 2082 463 2152 has
484 2083 545 2152 illis
569 2085 681 2176 epulas
702 2087 808 2176 potius
830 2084 963 2152 laudare
980 2093 1174 2168 'memento'

364 2221 395 2265 2⁰
452 2206 507 2296 qui
526 2204 707 2274 libertatem
729 2217 943 2297 postposuere
963 2200 1077 2296 gulae.³

344 2442 388 2508 38
408 2437 608 2512 Dulcibus'e
630 2446 750 2536 stagnis
772 2445 870 2514 lluvio
893 2453 1035 2512 torrente
1058 2455 1190 2514 coactus

447 2584 626 2654 aequoreas
653 2585 810 2654 praeceps
836 2563 932 2652 piscis
955 2562 1064 2630 obibat
1089 2586 1198 2654 aquas.

405 2681 470 2749 illic
491 2682 731 2776 squamigerum
754 2683 945 2774 despectans
966 2681 1120 2773 inprobus
1143 2704 1260 2772 agmen

451 2802 605 2872 exiudum
627 2825 699 2869 sese
721 2800 885 2870 nobilitate
906 2801 1012 2870 refert

382 2943 475 2990 anon
497 2920 569 2990 tulit
591 2919 760 3012 explosam
781 2921 884 3013 patrio
908 2945 944 2990 se
967 2922 1093 3012 gurgite
1114 2918 1237 3011 phycis,

448 3038 613 3132 verbaque
635 3060 710 3106 cum
731 3038 824 3106 salsis
848 3042 1013 3132 asperiora
1030 3039 1125 3109 dedit.
1236 3057 1237 3062 ’

403 3156 505 3229 ‘vana
524 3158 676 3228 laboratis
698 3159 789 3226 aufer
810 3160 978 3229 mendacia
1000 3161 1102 3244 dictis,

452 3301 599 3371 quaeque
620 3277 753 3344 refutari
774 3289 807 3346 te
828 3303 959 3371 quoque
981 3289 1064 3348 teste
1086 3289 1213 3372 queant.

405 3419 481 3466 nam
504 3397 575 3490 quis
596 3397 638 3464 sit
657 3398 772 3488 potior,
794 3397 916 3490 populo
939 3409 1105 3491 spectante
1127 3398 1281 3490 probabo,

364 3541 395 3586 ιο
449 3520 476 3586 si
495 3510 615 3609 pariter
636 3527 748 3610 captos
770 3518 879 3588 umida
900 3518 966 3589 lina
986 3517 1142 3588 trahant.-

342 3799 359 3855 7
379 3797 443 3866 quid
461 3792 686 3861 Cannegieterus‚
705 3795 774 3862 quod
792 3797 834 3846 vel
852 3797 915 3862 quta
932 3777 1002 3848 libis.
1039 3799 1095 3846 tum
1113 3807 1206 3846 ornnes
1224 3809 1328 3846 aaran.

410 3888 455 3955 38,
470 3888 487 3940 5
505 3902 567 3955 pars
584 3883 713 3938 librorum
731 3887 870 3952 repulsum
888 3887 979 3953 patrio
997 3886 1060 3950 aab,
1079 3884 1163 3940 ceteri
1181 3887 1331 3952 correptam
1348 3901 1399 3952 pn-

340 3981 455 4033 triade.
479 3978 572 4046 phyris
590 3975 821 4044 Cannegietcrus,
845 3977 931 4045 planco
954 3976 1024 4032 libri.
1064 3979 1081 4030 6
1100 3977 1181 4030 iidem
1207 3973 1397 4036 simsustes,

338 4073 433 4139 bouis
451 4072 513 4124 erit.
