3130 5304
667 512 707 575 17

152 739 157 743 ,
223 701 310 748 nunc
332 701 385 746 me
407 682 532 749 saxosis
556 683 705 771 genetrix
727 683 865 752 iocunda
888 684 948 752 sub
970 685 1068 754 antris

265 799 346 868 ludit
368 809 401 866 et
420 800 453 868 in
475 801 611 890 propriis
634 800 747 870 ludere
769 803 862 870 iussit
884 804 984 896 aquis.

222 917 300 986 tolle
321 920 434 1002 minas,
458 928 669 1012 tenerumque
692 923 754 988 tuis
777 925 846 990 sine
868 944 1015 990 crescere
1037 923 1171 991 mensis:

180 1062 210 1104 ro
266 1033 350 1106 haec
372 1039 427 1104 tibi
448 1059 502 1106 me
524 1059 652 1104 rursum
673 1037 775 1106 litoris
799 1063 855 1107 ora
877 1037 981 1110 dabit?

223 1159 380 1249 [protinus
406 1159 544 1227 inmensi
573 1158 726 1248 depastus
755 1158 885 1228 caemle
911 1162 1002 1252 ponti

266 1277 416 1368 pinguior
437 1277 479 1346 ad
501 1275 662 1346 calamum
683 1287 800 1368 sponte
822 1299 953 1346 recurro
976 1275 1100 1367 tuum’]

156 1414 159 1419 ’
224 1396 278 1466 ille
296 1391 414 1464 ‘nefas’
439 1397 584 1485 [captum
605 1397 748 1464 reserens
770 1395 939 1466 absolvere
959 1398 1092 1488 piscem,
1165 1405 1168 1422 '

268 1513 413 1584 difficiles
436 1516 580 1604 queritur
601 1513 728 1582 casibus
751 1537 824 1582 esse
845 1514 950 1585 vices:

184 1657 214 1702 ra
225 1629 477 1704 ‘nammiserum
486 1628 563 1720 est’]
571 1627 1052 1724 inquit‘praesentemamittere
1063 1633 1225 1728 praedam,

269 1752 396 1822 stultius
420 1763 453 1820 et
473 1772 601 1821 rursum
623 1761 700 1818 vota
722 1754 829 1822 futura
851 1750 963 1845 sequi²

161 1995 202 2095 21
226 1992 369 2062 Parvula
389 1993 579 2084 progeniem
601 2004 706 2062 terrae
728 1993 941 2062 mandaverat
963 1991 1041 2076 ales,

271 2134 334 2202 qua
355 2111 461 2178 stabat
482 2110 575 2178 viridi
597 2113 739 2200 caespite
761 2111 846 2179 flava
868 2132 974 2200 seges.

228 2232 366 2298 rusticus
387 2228 472 2298 hanc
493 2227 596 2320 fragili
617 2229 751 2318 cupiens
774 2228 949 2320 decerpere
971 2225 1079 2296 culmo

272 2349 413 2418 vicinam
434 2346 573 2439 supplex
594 2347 677 2416 [orte
698 2346 830 2438 petebat
851 2369 958 2438 opem,

201 2478 263 2538 aet
283 2491 351 2536 vox
371 2465 532 2558 inplumes
555 2465 703 2534 turbabat
724 2465 846 2534 credita
867 2464 972 2547 nidos,

271 2594 418 2655 suaserat
445 2595 478 2657 et
503 2585 624 2655 laribus
647 2586 836 2656 continuare
863 2584 984 2672 bigam.

230 2707 352 2774 cautior
372 2704 433 2773 hos
453 2725 613 2773 revocans
634 2701 783 2793 prohibet
805 2701 972 2774 discedere
993 2711 1111 2770 mater:

269 2819 361 2892 ‘nam
384 2822 460 2913 quid
481 2820 521 2887 ab
545 2822 687 2888 externis
708 2815 929 2910 prolicietur?'
955 2820 1008 2886 ait

232 2943 298 3033 [illc
318 2944 435 3012 iterum
456 2940 539 3010 caris
562 2960 695 3030 operam
717 2937 883 3006 mandavit
905 2936 1032 3008 amicis:

191 3084 221 3130 ro
279 3071 312 3130 at
333 3061 481 3152 genetrix
502 3081 629 3128 rursum
652 3057 750 3126 tutior
770 3057 846 3126 inde
868 3055 1001 3143 manet]

233 3182 293 3250 sed
313 3191 486 3272 postquem
509 3200 626 3246 curvas
649 3176 817 3244 dominum
838 3174 1061 3266 conprendere
1082 3170 1192 3254 falces,

277 3300 420 3390 frugibus
444 3305 477 3366 et
497 3320 609 3365 veram
630 3297 732 3364 sensit
753 3295 869 3363 adesse
890 3315 1035 3374 manum,

231 3413 346 3488 ‘nunc'
371 3417 425 3498 ait,
441 3410 476 3483 ‘o
499 3416 617 3498 miseri,
638 3413 754 3482 dilecta
775 3411 944 3502 relinquite
965 3432 1050 3492 uua,

276 3559 352 3604 cum
374 3557 467 3625 spem
489 3533 529 3600 de
551 3532 687 3622 propriis
710 3530 830 3599 viribus
851 3529 906 3597 ille
926 3525 1025 3620 petit?

173 3777 217 3842 22
237 3773 378 3866 luppiter
400 3770 565 3860 ambiguas
587 3767 754 3838 hominum
775 3765 979 3860 praediscere
1001 3771 1126 3831 mentes

283 3893 325 3961 ad
346 3903 447 3960 terras
470 3887 640 3958 Phoebum
661 3889 747 3955 misit
770 3886 808 3956 ab
832 3909 907 3955 arce
928 3883 1004 3976 poli,

247 4104 281 4156 21
301 4099 405 4169 (nonni
422 4101 485 4168 88),
508 4099 526 4154 ⁵
544 4095 607 4152 libri
624 4097 673 4150 ned
689 4111 742 4146 noc
766 4099 795 4146 et
818 4091 942 4152 credulo,
967 4087 1090 4158 plerique
1110 4086 1239 4142 trubnoit.

178 4195 195 4250 7
213 4207 337 4248 remeans
356 4207 458 4246 onmes.
494 4188 685 4258 Sperfinetrn·
703 4183 758 4236 alii.

1001 4329 1020 4383 2
