3130 5304
330 650 370 716 31
393 647 561 738 Ingentem
582 650 683 716 fertur
704 669 777 714 mus
799 647 961 738 quondam
982 667 1102 738 parvus
1123 643 1276 712 oberrans

441 791 540 836 ausus
563 766 603 834 ab
625 769 744 856 exiguo
766 765 896 834 laedere
918 765 1014 834 dente
1036 766 1168 832 bovem:

396 909 512 956 verum
533 886 588 956 ubi
609 887 753 954 mordaci
775 887 915 954 confecit
934 883 1069 954 vubrera
1088 891 1203 964 rostro,

444 1012 531 1074 tutus
553 1008 587 1074 in
609 1007 770 1074 arrhactus
793 1005 941 1074 conditur
961 1003 1037 1070 inde
1057 1023 1144 1070 suos.

371 1121 452 1192 aitte
469 1123 546 1192 licet
565 1133 659 1192 vasta
679 1131 809 1192 torvum
830 1123 958 1192 cervice
980 1124 1130 1205 minetur,

441 1263 508 1310 non
529 1251 637 1312 tamen
658 1244 759 1310 iratus
781 1265 878 1334 quem
900 1251 989 1333 petet
1010 1263 1083 1309 esse
1104 1240 1207 1308 videt:

398 1357 451 1428 hic
472 1359 692 1452 indignantem
712 1362 798 1428 iusto
820 1383 971 1430 sermone
992 1360 1129 1451 fatigans

443 1477 574 1570 dispulit
594 1478 727 1548 hostiles
750 1477 922 1548 calliditate
942 1479 1056 1560 minas,

398 1593 480 1666 ‘non
503 1600 578 1690 quia
598 1621 716 1689 magna
738 1598 795 1668 tibi
814 1598 994 1666 tribuerunt
1014 1597 1159 1666 membra
1180 1603 1341 1687 parentes,

363 1738 392 1784 ro
447 1718 568 1786 viribm
591 1719 742 1788 ellectum
763 1716 966 1786 contribuere
986 1712 1069 1786 tuis?

406 1836 508 1928 [disee
528 1845 638 1906 tamen
658 1835 810 1904 brevibus
834 1859 917 1927 quae
938 1836 981 1902 sit
1000 1833 1117 1904 fiducia
1138 1831 1298 1914 monstris,

446 1965 479 2022 et
499 1957 595 2024 iaciat
616 1954 770 2048 quidqtud
792 1952 929 2044 parvula
951 1952 1044 2022 turba
1066 1953 1178 2044 cupit]

338 2193 385 2260 32
406 2191 603 2263 Haerentem
623 2192 711 2264 luteo
733 2193 793 2262 sub
816 2194 942 2284 gurgite
963 2194 1103 2262 ntstictts
1125 2213 1221 2260 axem

449 2310 587 2401 liquerat
608 2321 642 2380 et
662 2333 764 2380 nexos
787 2311 829 2378 ad
849 2312 926 2400 iuga
947 2310 1039 2378 tarda
1056 2309 1167 2378 boves.

408 2429 539 2518 [frustra
567 2429 727 2522 dispositis
755 2427 919 2498 confidens
945 2430 1077 2498 numina
1098 2429 1183 2497 votis

451 2549 535 2614 ferre
556 2549 622 2614 suis
645 2548 751 2631 rebus,
774 2571 849 2616 cum
867 2548 1030 2630 resideret,
1052 2548 1172 2638 opem]

383 2667 464 2736 seui
484 2673 592 2734 rector
613 2666 747 2734 summis
769 2664 955 2756 Tirynthius
976 2663 1046 2732 infit
1066 2665 1106 2733 ab
1128 2667 1220 2734 astris

453 2789 542 2872 (nam
563 2796 660 2856 vocat
681 2785 767 2854 huno
791 2785 931 2878 supplex
951 2786 984 2853 in
1007 2807 1067 2854 sua
1087 2793 1166 2853 vota
1187 2785 1297 2872 deum)

407 2901 522 2997 ‘perge
543 2904 726 2974 laborantes
748 2904 884 2972 stimulis
907 2907 1030 2996 agitare
1050 2906 1217 2987 iuvencos,

454 3033 488 3090 et
509 3021 657 3090 manibus
679 3022 787 3113 pigras
810 3021 898 3090 disce
919 3023 1033 3090 iuvare
1054 3033 1152 3092 rotas.

413 3151 446 3211 te
468 3163 598 3233 quoque
619 3162 832 3230 congressum
853 3140 1040 3232 maioraque
1061 3143 1182 3211 viribus
1204 3164 1319 3212 ausum

371 3285 402 3332 ro
458 3263 506 3330 fas
529 3282 664 3352 superos
684 3260 798 3328 animis
820 3259 993 3328 conciliare
1014 3264 1087 3330 tuis.

416 3382 503 3450 disce
524 3390 634 3450 tamen
655 3379 754 3472 pigris
775 3401 843 3446 non
864 3378 951 3446 flecti
971 3381 1103 3448 numina
1124 3381 1218 3464 votis,

456 3509 708 3592 praesentesque
731 3494 856 3580 adhibe,
878 3519 953 3566 cum
975 3499 1053 3568 lacis
1075 3500 1157 3592 ipse,
1179 3497 1277 3570 deos?

421 3819 455 3870 al
481 3813 586 3882 (naoth
603 3815 683 3883 112),
709 3816 725 3870 7
749 3815 791 3867 hio
814 3815 1044 3882 Cannegieterus,
1070 3824 1132 3869 tono
1153 3815 1229 3885 libri,
1254 3816 1271 3868 8
1296 3818 1413 3887 distulit,

351 3910 387 3966 lb
403 3909 577 3962 constituero.
1013 3900 1015 3908 ‘

420 3999 456 4052 32
474 3996 578 4065 (Babrii
596 3996 691 4065 20),il
712 3995 784 4047 runc
801 4011 911 4063 ornnes,
930 4001 1038 4065 praeter
1057 4011 1140 4048 unum
1159 3997 1347 4067 recentiorem,
1365 4001 1412 4070 qui

349 4090 433 4144 hebet
448 4097 479 4144 to
497 4095 604 4144 etcum
622 4085 682 4142 aliis
701 4103 755 4140 non
774 4085 967 4156 antiquissimis
986 4105 1143 4156 conpressas
1163 4092 1191 4141 et
1209 4105 1299 4144 noem.
