3130 5304
299 703 302 708 ’
386 707 524 766 scetere
544 697 686 764 sordenti
705 705 853 763 temnens
875 695 1021 764 animalia
1044 695 1133 765 cultu

456 816 544 884 solus
566 817 599 883 in
623 813 809 906 exemplum
830 812 1005 882 nobilitatis
1027 827 1104 883 erat.

413 935 500 1004 hunc
521 944 635 1024 arguta
654 956 741 1002 novo
763 934 960 1025 gaudentem
981 934 1087 1026 vulpis
1109 936 1227 1003 amictu

457 1055 587 1145 eonipit
609 1064 643 1123 et
662 1075 763 1121 vanas
785 1052 943 1144 adprobat
964 1075 1036 1120 esse
1057 1063 1167 1120 notas:

407 1167 520 1240 ‘vade'
544 1173 588 1238 ait
604 1166 652 1240 ‘et
672 1173 778 1262 pictae
799 1172 934 1240 nirnium
955 1169 1081 1240 confide
1102 1169 1234 1263 figurae,

370 1315 401 1358 ιο
457 1291 534 1359 dum
555 1287 634 1358 mihi
655 1288 823 1358 considam
844 1287 1008 1379 pulchrius
1031 1315 1104 1359 esse
1126 1287 1241 1384 queat?

412 1411 641 1501 [miremurque
662 1411 764 1499 magis
788 1431 869 1500 quos
892 1431 1027 1477 munera
1049 1412 1163 1480 mentis
1187 1412 1354 1494 adornant,

454 1552 551 1621 quam
574 1529 629 1620 qui
650 1529 814 1620 corporeis
837 1528 982 1598 enituere
1002 1529 1119 1619 bonis]

344 1769 384 1836 41
407 1765 555 1860 Inpulsus
576 1769 682 1835 ventis
704 1777 736 1836 et
757 1789 870 1858 pressa
888 1767 974 1836 nube
995 1778 1127 1837 coactus

450 1895 583 1976 ruperat
603 1885 743 1954 hibernis
765 1909 803 1953 se
824 1886 931 1976 granu
952 1887 1055 1954 imber
1077 1889 1179 1979 apris,

408 2029 546 2098 cumque
567 2025 627 2096 per
648 2003 781 2088 effossas
793 2013 970 2096 ¹stagnaret
991 2001 1117 2075 turbine
1138 2017 1250 2090 terras,

451 2127 634 2216 expositum
657 2125 779 2215 campis
801 2122 897 2191 fietile
918 2127 1036 2214 pressit
1057 2149 1156 2218 opust

378 2244 524 2313 amobile
545 2267 685 2335 namque
707 2243 811 2312 lutum
833 2242 959 2335 tepidus
981 2245 1069 2334 prius
1091 2247 1217 2314 instruit
1240 2271 1304 2333 aer,

449 2365 552 2432 discat
571 2373 608 2432 ut
629 2362 759 2430 admoto
781 2362 900 2428 rectius
920 2364 996 2454 igne
1018 2367 1123 2456 coqui.

335 2517 337 2522 v
403 2495 479 2552 tunc
501 2483 628 2551 nimbus
650 2479 770 2571 fragilis
791 2482 946 2571 perquirit
967 2485 1097 2552 nomina
1118 2495 1230 2554 testae.

442 2607 602 2672 inmemor
622 2600 676 2668 illa
694 2601 747 2667 sui
764 2594 935 2690 ‘amphora
958 2599 1061 2669 dicor'
1086 2607 1143 2671 ait:
1217 2625 1219 2630 ·

396 2719 498 2791 ‘nunc
519 2745 573 2789 me
595 2720 690 2787 docta
713 2740 827 2787 manus
850 2721 995 2809 rapiente
1015 2721 1180 2792 volumina
1201 2749 1284 2816 gyro

359 2865 390 2909 ιο
445 2839 585 2910 molliter
606 2839 772 2931 obliquum
791 2839 887 2905 iussit
906 2838 1026 2908 habere
1049 2838 1151 2910 latus?

395 2957 565 3030 ‘hacteuus
587 2954 664 3024 hac'
688 2959 791 3047 inquit
807 2953 918 3025 ‘liceat
940 2968 1089 3028 constare
1111 2960 1229 3052 figura:

440 3099 516 3144 nam
538 3085 570 3142 te
592 3073 770 3142 subiectam
793 3073 893 3143 diluet
915 3077 1017 3146 imber
1039 3077 1150 3170 arpris?

398 3208 430 3266 et
450 3193 547 3264 simul
569 3203 703 3284 accepto
725 3192 897 3263 violentius
919 3219 1014 3263 amne
1037 3197 1186 3265 fatiscens
1280 3191 1283 3198 ’

438 3315 570 3407 pronior
590 3311 622 3380 in
646 3322 760 3380 tenues
781 3315 867 3381 victa
889 3318 1030 3383 cucurrit
1051 3339 1160 3407 aquas.

326 3513 334 3526 ἡ
356 3457 384 3503 ιο
399 3434 531 3526 [infelix‚
554 3455 637 3526 quae
660 3442 749 3500 tanta
771 3433 831 3501 sibi
852 3435 1045 3526 cognomina
1067 3457 1197 3502 sumens
1276 3486 1279 3504 .

437 3575 516 3622 ausa
538 3551 727 3645 pharetratis
750 3553 886 3622 nubibus
908 3554 970 3620 ista
990 3552 1087 3645 loqui.

326 3833 492 3887 ommam
503 3833 532 3882 et
544 3831 619 3885 auito
636 3829 707 3885 libri.
742 3834 761 3886 9
779 3831 882 3898 liparae
901 3843 971 3882 unus
989 3829 1134 3895 recentior,
1153 3833 1237 3886 ceteri
1253 3835 1387 3891 tenentes.

396 3923 430 3978 41
455 3921 570 3986 (Corsis
591 3921 653 3976 341.
685 3917 811 3992 ποταμὸς
835 3916 871 3973 δι’
892 3915 977 3974 αὐτοῦ
1000 3915 1108 3992 βύρσαν
1133 3927 1292 3998 φερομένην
1318 3923 1387 3982 rode

324 4008 446 4087 ἠρώτησε
469 4014 509 4072 τίς
531 4014 668 4068 καλεῖται·
690 4009 707 4080 ἦ
727 4011 760 4065 δὲ
778 4010 838 4065 edne
853 4007 941 4081 ιιξηροί
959 4012 1120 4081 (legendum
1139 4010 1214 4087 πήρα
1236 4033 1298 4071 cum
1314 4019 1386 4071 Bek-

322 4100 426 4174 kero).”
451 4101 638 4173 ἔπικοχλάσος
656 4103 689 4158 dd
706 4106 745 4174 epi
763 4098 878 4178 ῥεύματι
894 4103 971 4160 εἶπεν
986 4095 1073 4158 “litto
1091 4123 1117 4160 τι
1135 4103 1204 4174 ζήτει
1221 4110 1384 4163 καλεῖσθαι·

323 4190 432 4262 ἁπαλὴν
449 4192 504 4269 γὰρ
522 4192 577 4266 ἐγώ
594 4188 647 4264 ἤδη
665 4194 735 4266 ταχὺ
753 4189 861 4263 ποιήσω
881 4190 952 4262 οε.”)
987 4212 1068 4251 versu
1086 4199 1104 4251 ³
1122 4199 1184 4252 libri
1202 4200 1312 4266 effluat.
