3130 5304
671 551 709 615 31

229 725 312 790 haee
333 731 486 814 poterunt
506 719 683 811 posthaec
706 721 841 787 miseros
864 719 1013 811 exempla
1036 740 1176 801 monere,

190 907 194 915 .
269 831 395 909 subdita
417 840 575 908 nobilibus
598 850 634 907 ut
656 861 716 905 sua
738 840 802 906 fata
825 839 978 929 gemant]

163 1082 206 1147 42
228 1080 325 1147 Forte
346 1079 459 1170 lupum
482 1077 596 1145 melior
618 1100 715 1145 cursu
738 1077 900 1147 deluserat
922 1078 1032 1158 aedus,

270 1199 417 1290 proxima
437 1198 550 1264 vicinis
573 1195 651 1262 dum
671 1197 752 1287 petit
774 1219 851 1264 arva
873 1197 966 1264 casis.

228 1317 304 1384 inde
327 1318 437 1406 sugam
459 1325 548 1382 recto
571 1315 707 1383 tendens
729 1317 762 1381 in
783 1316 911 1383 moenia
932 1336 1028 1382 cursu

269 1437 353 1502 inter
374 1433 535 1524 lanigeros
558 1435 699 1502 constitit
719 1434 773 1502 ille
795 1459 921 1525 greges,

200 1554 352 1644 sinpiger
373 1552 460 1620 hunc
480 1563 590 1644 raptor
610 1554 814 1646 mediamque
836 1563 967 1622 secutus
988 1554 1020 1620 in
1042 1554 1155 1621 urbem

271 1683 408 1764 temptat
429 1673 602 1762 conpositis
625 1671 796 1740 sollicitare
820 1672 920 1739 dolis:

227 1788 349 1858 ‘nonne
370 1787 475 1858 vides’
499 1791 610 1881 inquit,
627 1786 765 1858 ‘eunctis
787 1800 823 1858 ut
843 1793 973 1859 victima
995 1791 1122 1884 templis

270 1912 373 1978 inmiti
394 1913 545 1977 interiens
568 1920 671 1978 morte
695 1920 842 1979 cruentat
861 1910 1019 1979 humum?

226 2031 396 2123 quodnisi
418 2053 533 2097 securo
555 2029 665 2096 valeas
689 2040 720 2097 te
743 2030 880 2099 reddere
902 2054 1027 2122 campo,

185 2172 216 2216 10
273 2149 303 2214 ei
328 2145 421 2229 mihi,
443 2149 556 2213 vittata
583 2157 619 2214 tu
647 2171 775 2238 quoque
800 2149 905 2216 fronte
931 2147 1047 2218 cades?

229 2267 283 2335 ille
303 2266 401 2334 refert
417 2260 508 2332 ‘mihi
530 2267 616 2356 quod
638 2269 764 2349 metuis,
787 2289 912 2357 precor,
935 2293 1020 2338 exue
1042 2293 1163 2355 euram,

271 2396 304 2452 et
324 2394 434 2454 tecum
456 2385 549 2467 vilae,
569 2386 713 2477 inprobe,
735 2385 812 2452 tolle
833 2391 952 2456 ruinas:

226 2529 302 2573 narn
325 2515 376 2571 sat
398 2505 457 2570 erit
478 2526 606 2571 sacrum
629 2505 709 2572 divis
731 2505 852 2572 fudisse
874 2530 1031 2577 cruorem.

269 2626 379 2716 [quam
401 2621 511 2690 rabida
533 2623 643 2692 fauces
667 2635 855 2692 exsaturare
877 2622 974 2718 lupo?

185 2768 214 2812 rs
228 2746 274 2810 sie
298 2744 444 2834 quotiens
468 2741 587 2833 duplici
608 2744 786 2810 subeuntur
806 2746 907 2811 tristia
930 2749 1030 2836 casu]

270 2861 402 2952 expedit
420 2861 580 2950 insignem
603 2863 820 2952 promeruisse
840 2861 975 2931 necem.³

230 3131 265 3183 42
284 3127 393 3198 (Corsis
410 3129 492 3196 228),
517 3128 534 3180 8
552 3129 671 3180 inmitem
692 3130 733 3181 ire
753 3146 861 3196 yenrene
883 3135 928 3184 vel
951 3135 1072 3188 inmitem
1088 3137 1221 3203 reqimena

161 3221 231 3275 libri.
268 3225 300 3274 ll
319 3219 380 3274 libri
397 3221 475 3273 niodo
493 3235 571 3288 quanm
589 3221 692 3272 statuis.
717 3223 773 3272 turn
793 3221 870 3273 matti
888 3225 983 3277 anime.

388 3351 439 3388 ult
460 3349 545 3390 XVIII
563 3349 683 3391 Arruns
704 3350 734 3390 Λ.
755 3351 982 3394 Mucccxxxxr.
