3130 5304
578 525 580 530 ·
668 489 690 553 5

170 655 191 718 2
213 654 357 725 Pinnatis
380 657 491 726 avibus
515 659 678 750 quondam
700 658 828 727 testudo
851 659 968 744 locuta,

255 777 354 868 siquis
378 799 450 844 eam
471 776 638 846 volucrem
661 779 887 862 constituisset,
909 783 962 862 ait,

210 896 356 986 protinus
379 919 397 962 e
419 889 522 965 rubris
544 897 685 964 conchas
707 895 849 965 auferret
866 895 1007 980 harenis,

253 1015 325 1106 quis
344 1017 484 1108 pretium
504 1011 603 1084 nitido
625 1018 746 1084 cortice
767 1017 848 1084 baca
870 1015 969 1084 daret

182 1131 393 1224 s[indiguans
415 1137 551 1220 sibimet,
572 1137 665 1204 tardo
688 1136 774 1227 quod
795 1131 910 1203 sedula
929 1157 1044 1227 gressu

249 1252 295 1321 nil
316 1266 428 1344 ageret
449 1265 517 1327 toto
539 1255 775 1348 proficeretque
797 1255 873 1342 die]

208 1381 259 1438 ast
279 1371 334 1440 ubi
355 1377 521 1465 promissis
542 1372 682 1464 aquilam
703 1371 868 1440 fallacibus
891 1375 1003 1465 inplet,

250 1503 385 1582 experta
408 1503 458 1560 est
479 1491 617 1559 similem
637 1489 760 1582 perfida
780 1489 890 1582 lingua
912 1491 1018 1575 fidem,

209 1620 241 1678 et
262 1609 347 1679 male
374 1611 524 1679 mereatis
552 1611 629 1678 dum
652 1614 776 1702 quaerit
797 1613 902 1679 sidera
923 1611 1038 1702 pinnis,

164 1754 198 1798 ro
253 1729 371 1800 decidit
391 1729 503 1798 infelix
525 1729 606 1796 alitis
628 1751 738 1821 ungue
760 1733 838 1798 lero.

208 1861 276 1918 tum
298 1872 427 1941 quoque
447 1847 600 1932 sublimis,
623 1871 698 1918 cum
718 1851 782 1916 iarn
804 1849 993 1930 moreretur,
1015 1850 1048 1918 in
1070 1852 1155 1917 auris

249 1969 406 2058 ingemuit
427 1969 511 2035 votis
533 1964 614 2036 haec
636 1968 765 2036 licuisse
788 1970 864 2038 suis.

208 2089 296 2173 [nam
319 2086 407 2154 dedit
429 2109 550 2157 exosae
570 2085 747 2176 posthaec
770 2089 964 2155 documenta
986 2083 1110 2178 qaiietis,

248 2227 314 2272 non
336 2207 406 2272 sine
428 2227 580 2295 supremo
602 2205 720 2294 magna
741 2205 853 2272 labore
875 2209 950 2299 peti.
1051 2203 1055 2210 ’

168 2341 197 2389 ra
212 2327 258 2393 sic
281 2325 475 2416 apricumque
498 2348 584 2392 nova
606 2323 750 2392 sublatus
771 2323 868 2392 laude
890 2323 1049 2403 tumescit,

249 2444 304 2512 dat
325 2444 441 2511 marito
463 2465 596 2533 poenas,
618 2443 695 2509 dum
717 2442 851 2510 meliora
874 2441 983 2531 cupit]

161 2686 315 2754 acerva
337 2695 423 2754 retro
447 2686 566 2754 cedens
589 2679 670 2753 dum'
687 2687 748 2754 fert
769 2677 903 2774 vestigia
926 2701 1051 2764 cancer,

246 2803 372 2896 hispida
394 2806 520 2870 saxosis
543 2814 634 2893 terga
656 2803 756 2872 relisit
777 2805 876 2894 aquis.

203 2923 289 2991 hunc
311 2923 459 3014 genetrix
481 2923 565 2991 facili
587 2925 721 3014 cupiens
743 2923 920 3012 procedere
942 2943 1057 3012 gressu

246 3042 362 3111 talibus
386 3037 543 3133 adloquiis
565 3041 808 3134 praemonuisse
831 3040 933 3107 datur.

175 3158 256 3231 s‘ne
278 3163 333 3230 tibi
355 3171 538 3229 transverso
560 3160 711 3252 placeant
730 3159 812 3228 haec
837 3159 940 3241 devia,
961 3153 1047 3241 nate,

246 3282 369 3369 [rursus
391 3283 424 3348 in
447 3278 594 3370 obliquos
617 3303 682 3348 neu
702 3277 782 3347 velis
803 3279 850 3347 ire
872 3278 982 3371 pedes,

208 3593 226 3644 2
244 3588 347 3656 (Babrii
361 3590 436 3656 115),
455 3592 469 3641 l
490 3592 580 3642 locato
594 3597 635 3642 est
647 3605 750 3656 onmes,
767 3589 831 3642 item
850 3591 867 3641 2
884 3552 1022 3640 voluerii
1041 3534 1196 3638 cddititur's-

140 3691 182 3736 set
201 3683 271 3734 lomi
289 3678 501 3748 antiquissimus,
519 3696 536 3732 a
554 3695 608 3748 quo
627 3678 710 3730 ceteri
728 3694 782 3730 non
799 3678 969 3732 dissentiunt.
1006 3677 1116 3731 irodri
1133 3694 1196 3729 cos-

141 3789 187 3827 coa
201 3777 229 3826 el
239 3773 357 3826 tarenos
368 3769 486 3839 aprima
498 3782 578 3822 manu
588 3769 798 3838 antiquissimus,
815 3773 953 3838 proferret
965 3785 1068 3824 omnes.
1102 3770 1136 3823 10
1149 3770 1197 3820 de-

141 3867 207 3918 cidit
224 3861 398 3928 recantlores,
416 3863 513 3914 occidit
529 3861 661 3930 plerique.
698 3863 730 3914 ll
750 3863 777 3913 ia
791 3864 865 3915 auris
882 3879 953 3916 unus
970 3877 1100 3914 annorum
1118 3860 1197 3928 quin-

141 3959 300 4023 gentorum,
322 3957 351 4006 io
369 3969 440 4006 acro
457 3952 673 4024 antiquissimas,
697 3955 727 4008 io
745 3969 827 4006 uaros
844 3953 937 4007 ceteri.
980 3955 1015 4006 13
1036 3952 1120 4021 quieti
1142 3965 1197 4004 non

143 4046 231 4114 pauci.

212 4139 230 4190 3
249 4137 352 4204 (Rubrii
371 4136 446 4204 109),
467 4138 480 4189 l
500 4137 561 4188 dam
578 4133 668 4202 penei,
686 4131 789 4202 antiqui
808 4151 873 4189 cum.
