3130 5304
848 491 886 554 12

403 661 462 728 sed
485 683 559 728 cum
581 659 733 752 subrepto
756 661 852 727 luetis
876 660 1073 726 tristissimus
1098 681 1186 739 auro,

439 803 491 846 me
512 779 649 869 primam
671 777 809 844 lacrimis
832 775 1016 845 sollicitabis
1037 774 1149 868 inops?

338 1017 378 1084 13
398 1015 583 1083 Inmensum
605 1025 715 1082 taurus
737 1017 863 1104 lugeret
884 1036 959 1081 cum
981 1014 1064 1081 [orte
1086 1012 1215 1080 leonem

442 1143 574 1224 tutaque
597 1133 731 1201 desertis
754 1142 923 1223 quaereret
946 1143 1036 1201 antra
1057 1131 1127 1215 viis,

400 1251 588 1344 speluncam
609 1253 737 1342 reperit,
761 1273 858 1342 quam
879 1261 956 1318 tunc
978 1250 1117 1318 hirsutus
1139 1252 1277 1321 habebat

407 1399 412 1412 ·
444 1369 594 1460 Cinyphii
616 1370 733 1437 ductor
753 1369 807 1460 qui
830 1371 938 1458 gregis
962 1391 1035 1436 esse
1057 1369 1148 1438 solet

373 1489 464 1557 shuc
485 1489 539 1555 ubi
562 1491 733 1556 summissa
754 1487 963 1554 meditantem
984 1487 1168 1579 inrumpere
1186 1491 1290 1557 fronte

446 1607 559 1676 obvius
582 1606 711 1698 obliquo
734 1607 847 1674 terruit
870 1626 926 1674 ore
949 1630 1056 1698 caper,

401 1727 498 1792 tristis
522 1725 588 1792 obit
609 1724 784 1817 longinqua
806 1726 917 1814 fugax,
940 1724 980 1792 de
1002 1725 1085 1793 calle
1105 1726 1232 1793 locutus

446 1848 533 1928 (nam
555 1844 650 1911 timor
672 1843 844 1935 expulsum
866 1845 969 1934 iurgia
991 1845 1075 1912 terre
1097 1847 1196 1930 vetat>

399 1957 479 2030 ‘non
502 1971 534 2028 te
558 1961 704 2030 demissis
728 1973 902 2044 saetosam,
925 1961 1046 2054 putide,
1069 1965 1185 2048 barbis,

360 2104 391 2147 ιιι
418 2080 546 2200 ⁸illum,
568 2083 623 2172 qui
646 2079 793 2172 superest
813 2081 1066 2174 insequiturque,
1085 2093 1207 2150 tremo:

403 2224 479 2268 nam
501 2203 529 2268 si
551 2200 704 2283 discedat,
727 2223 853 2283 nosces,
875 2200 1249 2292 stultissime,quantum

445 2321 605 2409 discrepet
627 2341 647 2385 a
668 2321 751 2384 tauri
773 2317 892 2386 viribus
915 2317 1022 2388 hircus
1045 2317 1154 2389 olens.³

340 2557 380 2624 14
403 2555 547 2647 luppiter
567 2557 600 2622 in
622 2564 690 2621 toto
714 2556 877 2646 quondam
899 2559 1105 2648 quaesiverat
1124 2559 1211 2642 orbe,
1277 2606 1279 2614 ,

445 2696 583 2742 munera
604 2682 754 2740 natorum
777 2675 852 2764 quoi
874 2674 1008 2743 meliora
1031 2675 1130 2745 daret.
1224 2675 1227 2680 ’

402 2793 549 2861 certatim
570 2793 611 2860 ad
634 2816 745 2883 regem
769 2795 867 2860 currit
888 2816 991 2885 genus
1014 2817 1111 2862 omne
1132 2797 1281 2880 terarum,

448 2913 708 3002 permixtumque
730 2910 851 2978 homini
874 2913 999 3003 cogitur
1018 2915 1093 2984 inde
1115 2939 1229 3007 pecus:

375 3030 475 3119 s[sed
498 3053 558 3098 nec
581 3031 777 3121 squamigeri
801 3030 918 3097 desunt
941 3031 990 3098 ad‘
1003 3033 1105 3124 iurgia
1127 3035 1244 3126 pisces,

440 3148 495 3217 vel
517 3149 669 3240 quidquid
690 3148 861 3217 volucrum
881 3150 991 3240 purior
1012 3175 1090 3220 aura
1114 3153 1224 3241 vehit]

403 3272 487 3336 inter
508 3291 589 3358 quos
611 3268 755 3358 trepidae
776 3269 936 3339 ducebant
956 3273 1092 3362 pignora
1113 3282 1242 3354 matres,

440 3388 660 3456 iudiciotanti
682 3387 881 3456 discutienda
904 3388 965 3454 dei.

402 3518 479 3575 tunc
501 3505 607 3573 brevis
626 3506 801 3575 intormem
823 3507 966 3575 traheret
986 3531 1060 3576 cum
1082 3511 1172 3578 simia
1193 3522 1314 3595 natum,

407 3769 441 3821 13
460 3765 564 3836 (neorii
580 3768 638 3836 ol),
656 3773 673 3824 2
689 3772 760 3838 iupis
778 3769 941 3838 paucissimi.
976 3772 994 3825 5
1012 3771 1079 3824 tono
1093 3771 1150 3840 elii,
1169 3774 1214 3826 atii
1227 3783 1299 3843 post,
1318 3777 1398 3843 pauci

339 3867 394 3914 ost.
429 3859 522 3915 rota
541 3875 610 3912 unus
628 3860 771 3930 antiquus,
789 3861 873 3914 ceteri
892 3861 966 3915 nott.-
997 3864 1046 3915 sed
1064 3879 1156 3918 ornnes
1174 3867 1305 3934 lonpaqoe
1323 3869 1398 3920 etde

337 3952 418 4004 catto.
453 3952 470 4006 8
489 3949 578 4002 malim
596 3951 679 4006 tolet.
715 3953 751 4006 1⁰
767 3952 967 4020 insequiturque
986 3969 1066 4022 unus,
1086 3955 1170 4008 ceteri
1186 3955 1243 4008 lore
1263 3959 1399 4026 consequt-

338 4049 441 4109 torque.
823 4047 831 4054 “
1026 4087 1027 4091 ,

411 4131 444 4184 rt
462 4131 565 4198 (Babrii
577 4132 635 4200 56),
653 4135 670 4185 2
689 4133 734 4200 qui
752 4133 793 4185 vel
812 4135 871 4202 quta
889 4134 960 4190 libri.
995 4137 1013 4189 4
1032 4140 1137 4204 copitar
1154 4147 1193 4191 tro
1213 4155 1315 4204 omnes,
1333 4138 1397 4193 item
