3130 5304
385 708 520 800 [fabulas
537 708 619 792 dedi,
642 731 720 800 quas
742 708 814 775 rudi
830 705 1002 774 Latinitate
1019 707 1227 799 compositas]
1251 705 1351 797 elegis
1374 731 1452 776 sum

385 827 548 920 explicare
578 837 721 896 conatus.
764 827 864 894 habes
895 849 972 916 ergo
1008 851 1090 920 opus
1125 848 1187 918 quo
1219 826 1361 896 animum
1388 828 1451 896 ob-

385 947 503 1030 lectes,
530 947 694 1037 ingenium
717 969 888 1028 exerceas,
916 945 1145 1014 sollicitudines
1167 942 1257 1010 leves
1280 951 1453 1038 totumque

386 1066 517 1134 vivendi
544 1065 690 1132 ordinem
718 1075 832 1133 cautus
861 1088 1031 1157 agnoscas.
1066 1063 1173 1154 [loqui
1201 1085 1279 1131 vero
1308 1064 1454 1148 arbores,

350 1186 473 1252 oleras
502 1207 577 1252 cum
606 1181 788 1250 hominibus
816 1207 962 1275 gemere,
997 1181 1104 1250 verbis
1138 1191 1262 1250 certare
1289 1181 1455 1266 volucres,

386 1301 535 1371 animalia
557 1301 661 1369 ridere
680 1303 825 1384 fecimus,
846 1312 883 1370 ut
903 1324 961 1392 pro
981 1300 1183 1390 singulorum
1204 1300 1454 1368 necessitatibus

386 1422 441 1490 vel
463 1422 503 1490 ab
524 1422 601 1512 ipsis
623 1423 770 1489 inanimis
793 1421 951 1488 sententia
972 1420 1173 1511 proferatur]

361 1769 545 1878 lRustica
567 1808 666 1876 delen'
687 1819 824 1898 puerum
847 1810 1010 1877 iuraverat
1031 1807 1118 1890 olim,

432 1929 466 1996 ni
486 1938 602 2011 taceat,
624 1927 735 1996 rabido
759 1929 846 2020 quod
864 1929 951 1996 toret
973 1949 1048 1996 esca
1068 1925 1155 2017 lupo,

390 2046 544 2116 credulus
563 2046 649 2114 hanc
671 2067 788 2114 vocem
809 2045 906 2138 lupus
929 2045 1037 2129 audiit,
1059 2053 1092 2112 et
1113 2055 1223 2118 manet
1242 2046 1338 2136 ipsas

430 2165 663 2258 pervigilante
685 2166 781 2248 loros,
802 2166 896 2236 inrita
917 2174 995 2234 vota
1016 2187 1141 2255 gerens.

367 2307 471 2353 snam
490 2284 609 2352 lassata
629 2306 711 2372 puer
731 2284 849 2364 nimiae
871 2281 927 2350 dat
948 2283 1093 2352 membra
1116 2285 1227 2375 quieti:
1297 2297 1300 2304 ⁴
1339 2321 1343 2331 ·

431 2424 525 2494 spem
547 2423 677 2494 quoque
697 2403 834 2494 raptoris
855 2399 984 2470 sustulit
1003 2401 1080 2470 inde'
1100 2404 1185 2471 tami.
1298 2419 1301 2426 ’

389 2521 476 2590 hunc
496 2521 551 2588 ubi
572 2519 727 2588 silvarum
748 2529 950 2610 repetentem
969 2519 1071 2588 lustra
1092 2543 1224 2592 suarum

411 2641 574 2708 ,ieiunum
596 2639 716 2708 coniux
738 2639 840 2708 sensit
862 2639 977 2708 adesse
998 2639 1085 2730 lupa,
1170 2663 1173 2669 ’
1216 2655 1217 2662 ’

387 2753 476 2827 ‘cur’
499 2759 603 2850 inquit
618 2753 755 2826 ‘nullam
776 2759 919 2828 referens
942 2758 983 2826 de
1004 2773 1095 2830 more
1116 2760 1262 2849 rapinam

354 2897 386 2942 ro
435 2875 589 2968 languida
610 2879 810 2970 consumptis
834 2875 981 2948 distrahis
1003 2900 1061 2946 ora
1084 2872 1214 2968 genist’

387 2989 606 3064 ‘nc'mireris’
632 2991 880 3085 ait‘deceptum
902 2995 1014 3064 fraude
1036 2995 1177 3087 maligna

431 3115 492 3182 vix
509 3113 665 3182 miserum
686 3123 792 3206 vacua
814 3114 978 3184 delituisse
1000 3114 1092 3205 gula:

388 3253 467 3302 nam
480 3241 567 3325 q'uae
582 3233 713 3322 praeda,
733 3255 839 3324 rogas,
862 3257 946 3326 quae
961 3247 1037 3324 'spes
1053 3233 1238 3322 contingere
1249 3244 1375 3325 posset,

435 3352 556 3443 [norgia
577 3352 709 3420 nutricis
733 3373 808 3420 cum
829 3352 907 3422 mihi
928 3354 1028 3422 verba
1052 3346 1202 3448 darent?
1226 3366 1248 3422 “,

355 3469 476 3548 rohone
497 3470 560 3561 silqi
580 3470 665 3560 dipta
685 3477 779 3561 putet
800 3493 903 3562 seque
920 3469 982 3566 lrac
1005 3472 1085 3542 sciat
1100 3479 1183 3540 aue.
1195 3473 1321 3560 notati]

432 3591 604 3658 femineam
625 3587 772 3680 quisquis
795 3589 929 3658 credidit
951 3587 1177 3662 esse‘lidem?'

389 3867 425 3918 22
443 3879 535 3917 omnes
553 3867 660 3928 animis,
680 3865 752 3934 quod
769 3864 899 3919 Pithoeus
918 3865 1042 3920 correxit.

460 3958 476 4008 l
495 3954 599 4022 (Babrii
618 3955 676 4024 16),
701 3959 716 4009 l
734 3972 796 4024 pars
813 3956 955 4022 librorum,
972 3955 1000 4008 in
1019 3955 1080 4024 quis
1097 3956 1290 4027 antiquissimi,
1308 3959 1447 4024 &flentem

386 4061 511 4112 parvum,
529 4044 613 4098 ceteri
631 4047 742 4110 deflenti
758 4065 854 4116 paruo,
875 4049 893 4101 o
910 4049 1018 4114 reptos·
1036 4051 1064 4100 et
1081 4050 1164 4116 fonto
1176 4051 1219 4102 rel
1236 4052 1332 4116 sames.
1368 4054 1386 4105 9
1403 4067 1446 4105 re-

390 4139 464 4204 feror
481 4135 683 4206 antiquissimus
701 4154 718 4190 a
735 4137 821 4206 prima
837 4153 937 4204 manu,
952 4139 1042 4205 refers
1059 4138 1182 4207 plurimi,
1202 4141 1293 4208 deferr
1311 4143 1355 4196 rel
1371 4144 1445 4200 modo

389 4228 448 4294 sero
465 4225 640 4280 recentiores.
676 4232 733 4280 tom
752 4231 787 4285 10
803 4232 852 4282 sed
869 4228 957 4283 trotio
974 4245 1075 4284 omnes.
1111 4233 1146 4284 12
1163 4233 1230 4300 fraqe
1247 4246 1350 4292 omnes.
