3130 5304
660 525 800 589 19.

255 695 405 764 redderet
426 704 459 762 et
479 717 572 763 sacro
595 694 702 763 debita
726 705 803 762 vote
821 692 905 763 loco.

206 811 322 884 ‘nunc'
347 817 391 882 ait
407 809 572 904 ‘ambiguo
596 816 694 883 [acies
718 814 759 882 de
781 813 941 882 mercibus
965 836 1070 898 emen,

253 935 342 1024 [cum
363 955 439 1023 spes
460 934 493 999 in
514 932 653 1024 pretium
676 955 811 999 munera
833 931 942 1023 dispar
964 934 1039 1023 agit,

211 1061 243 1119 et
265 1075 319 1118 me
342 1052 501 1122 defunctis
522 1049 695 1119 saumatis
718 1051 846 1120 tradere
868 1051 972 1140 divis‚]

167 1194 197 1238 ιι
253 1172 322 1239 sive
344 1173 443 1240 decus
464 1172 549 1240 busti
567 1194 627 1238 seu
649 1169 729 1238 deus
754 1193 826 1238 esse
847 1164 947 1238 vetis?

204 1285 345 1357 ‘subdite
366 1313 483 1381 nempe
505 1290 561 1359 tibi
583 1299 634 1362 eet
654 1289 764 1379 magni
784 1289 965 1356 reverentia
986 1285 1119 1371 Bacchi,

251 1419 349 1501 atque
371 1411 486 1480 eedem
507 1409 625 1477 retines
646 1407 760 1475 funera
780 1415 891 1474 nostra
913 1402 1030 1476 manu?

208 1527 374 1616 [convenit
393 1525 457 1595 hoc
478 1521 550 1610 tttis‚'
572 1523 686 1618 qrdbus
708 1536 759 1593 eet
779 1526 935 1616 permissa
956 1535 1111 1616 potestae,

249 1668 290 1712 an
312 1655 478 1738 praestare
499 1645 602 1736 magis
624 1669 683 1713 reu
705 1645 857 1713 nocuisse
877 1644 1001 1734 velint]

140 1886 184 1954 24
206 1886 380 1955 Certamen
401 1883 500 1975 longa
521 1893 720 1975 protractum
741 1883 797 1952 lite
818 1882 975 1973 gerebant

246 2005 372 2072 virtutis
393 2003 524 2094 quidam
545 2003 660 2075 nobilis
684 2013 782 2095 atque
804 2002 867 2072 too.

202 2121 236 2189 hi
258 2145 333 2190 cum
354 2132 548 2213 perpetuum
570 2129 727 2212 cuperent
747 2123 780 2189 in
801 2123 907 2212 iurgia.
927 2119 1052 2207 finem„

247 2240 332 2308 edita
354 2241 505 2308 continuo
527 2240 610 2306 torte
631 2238 803 2330 sepulchra
823 2241 943 2309 vident.

173 2359 268 2428 cillic
291 2360 386 2426 docta
407 2380 522 2426 manus
544 2357 731 2428 flectentem
752 2357 836 2425 cella
855 2357 986 2428 lechem

243 2480 366 2546 fecerat
386 2479 420 2545 in
441 2475 566 2568 ¹gremio
582 2475 801 2568 'procubuisse
822 2477 891 2544 viri.
1017 2503 1020 2510 ·

200 2595 251 2665 hic
274 2597 360 2666 calet
384 2594 555 2664 adfirmans
579 2594 744 2686 scrdptura
766 2605 849 2665 teste
869 2618 1065 2688 supernum»

245 2740 280 2783 se
303 2717 385 2784 fieri:
409 2716 583 2782 extinctam
603 2737 681 2782 nam
703 2715 799 2782 docet
819 2741 893 2784 erse
911 2718 1027 2787 'terant

200 2835 255 2903 itte
277 2859 394 2927 graves
417 2832 529 2902 oculos
545 2830 592 2901 ‘ad
614 2835 721 2902 inania
742 2835 836 2924 signa
856 2837 1048 2926 retorquens
1071 2894 1074 2905 .

159 2977 190 3024 ιο
246 2955 387 3023 intremit
409 2962 441 3020 et
461 2952 571 3020 rabido
593 2961 727 3043 pectore
748 2952 848 3020 verba
867 2951 964 3020 dedit.

202 3072 324 3166 [inrita
347 3085 379 3141 te
401 3073 528 3163 generis
551 3071 648 3141 subiit
668 3069 785 3140 fiducia
803 3073 917 3153 vestri,

242 3192 369 3262 artificis
392 3199 508 3260 testem
529 3191 558 3256 ei
579 3189 670 3280 cupie
693 3211 766 3256 esse
787 3191 943 3280 manum]

194 3310 297 3406 ‘quod
319 3313 477 3379 sinestra
498 3329 621 3376 nevum
642 3316 773 3399 caperet
793 3306 936 3378 sollertia
957 3312 1101 3393 s'eneum,

242 3428 404 3519 sculperet
423 3436 461 3494 ut
481 3425 577 3496 docili
597 3423 715 3517 pollice
737 3449 818 3494 sexa
836 3423 900 3508 leo,

134 3750 151 3805 7
169 3745 318 3815 ambianum
335 3759 438 3809 omnen,
455 3746 484 3794 et
502 3743 538 3798 10
554 3759 602 3795 m
614 3743 683 3795 cette
694 3757 752 3794 eree
765 3743 850 3796 deum.
887 3745 921 3797 ll
940 3761 1052 3814 eamque
1070 3747 1120 3801 titi
1136 3751 1196 3818 ple-

134 3839 221 3908 rique,
238 3839 375 3908 nequitc'ce
387 3850 455 3888 nnuc
466 3833 603 3903 antiquus.
631 3832 732 3886 Bacchi
750 3831 974 3903 cannegietem,
991 3838 1047 3903 feti
1064 3841 1108 3891 vet
1125 3842 1196 3908 fecti

134 3931 240 4074 mmm
257 4018 364 4085 (Cereris
381 4020 449 4086 219,
467 4014 591 4070 Dosithei
609 4016 670 4083 15),
687 4017 704 4068 2
723 4022 837 4068 venator
854 4031 964 4084 omnes,
987 4022 1044 4071 tum
1062 4021 1196 4087 quendam

132 4110 265 4182 plerique.
299 4111 318 4164 t
332 4109 447 4164 terteere
460 4116 559 4163 mente.
595 4109 612 4164 7
629 4106 691 4160 libri
703 4107 806 4159 eetttcet
817 4105 962 4171 adfirmem
972 4112 1081 4177 prone„
1092 4114 1196 4180 (map-

134 4210 198 4257 turc
216 4199 444 4288 Cannegieterue)
464 4207 534 4254 tecte
551 4198 703 4268 mercedem,

947 4343 992 4402 2*
