3130 5304
193 730 223 776 ro
279 711 385 799 ipsum
410 709 506 774 etiam
529 710 562 778 in
585 711 685 778 risum
707 711 865 803 compulit
884 711 960 782 inde
981 709 1101 780 lovem.

237 827 319 895 haec
341 838 450 894 tamen
481 837 555 896 ante
583 829 662 897 alios
690 832 776 922 rupit
801 830 985 922 turpissima
1004 851 1131 911 vocem,

278 945 356 1013 dum
378 949 505 1037 generis
528 950 649 1016 crimen
671 950 718 1017 sic
741 950 991 1042 abolere-cupit.

233 1059 387 1156 ‘luppiter
409 1065 472 1132 hoc
493 1068 588 1149 norit,
610 1078 740 1136 maneat
760 1071 895 1138 victoria
919 1070 1060 1160 siquem:

278 1182 394 1254 iudicio
417 1196 568 1274 superest
590 1186 738 1256 omnibus
760 1189 822 1255 iste
841 1182 937 1256 meo?

177 1420 217 1485 15
241 1417 423 1490 Threiciam
446 1421 613 1490 volucrem
634 1423 735 1492 fertur
754 1423 908 1494 Iunonius
932 1423 999 1492 ales

280 1540 444 1606 communi
466 1541 588 1609 sociam
609 1563 676 1610 non
698 1540 855 1610 tolerasse
877 1541 960 1623 cibo,

240 1659 393 1749 [namque
412 1659 497 1726 inter
517 1662 623 1729 varias
645 1661 750 1728 luerat
770 1660 929 1730 discordia
949 1661 1081 1740 formas,

281 1801 463 1869 magnaque
487 1778 527 1846 de
550 1777 634 1846 lacili
655 1779 759 1870 iurgia
780 1778 836 1848 lite
857 1778 1009 1867 trahtmt]

212 1897 328 1988 equod
349 1896 408 1967 sibi
429 1895 620 1966 multimodo
643 1895 804 1988 fulgerent
824 1897 968 1966 membra
991 1896 1119 1977 decore,

283 2015 466 2090 caeruleam
488 2018 633 2086 facerent
652 2016 750 2086 livida
773 2026 865 2106 terga
886 2039 1015 2105 mrum:

242 2141 276 2199 et
296 2132 392 2208 simul
415 2142 545 2200 erectae
566 2135 688 2205 circum
711 2135 791 2202 dans
814 2135 958 2223 tegmina
971 2134 1103 2208 caudae
1162 2153 1166 2158 ·

286 2261 449 2340 sparserat
471 2260 616 2320 arcatum
638 2275 749 2320 sursus
772 2253 806 2318 in
829 2261 915 2319 astra
928 2253 1045 2325 iubar..

242 2368 297 2436 illa
318 2368 395 2438 licet
415 2369 504 2438 nullo
527 2373 698 2462 pinnarum
719 2381 821 2440 certet
841 2369 974 2454 bonore,

202 2509 233 2553 m
288 2487 338 2554 bis
362 2497 471 2556 tamen
492 2488 648 2556 insultans
670 2488 804 2557 vocibus
828 2511 887 2559 usa
909 2489 1010 2556 datur.

239 2601 400 2698 ‘quamvis
423 2610 610 2675 innumerus
631 2607 758 2698 plumas
781 2607 954 2674 variaverit
976 2608 1065 2690 ordo,

286 2749 412 2794 mersus
433 2725 524 2794 humi
544 2747 673 2815 semper
695 2725 809 2804 florida
830 2735 921 2815 terga
943 2728 1043 2815 geris:

245 2854 295 2912 ast
317 2867 378 2934 ego
403 2844 539 2913 delormi
561 2842 704 2913 sublimis
726 2844 759 2909 in
784 2865 859 2910 aera
879 2844 990 2934 pinna,

288 2962 437 3054 proxima
458 2961 615 3042 sideribus
637 2937 1021 3054 romutusque,leror.,’
1089 3007 1093 3014 -

185 3203 225 3269 16
247 3201 409 3270 Montibus
432 3224 452 3267 e
473 3200 606 3268 summis
628 3198 779 3268 radicitus
803 3209 893 3268 eruta
912 3217 1073 3291 ‘quaereus
1156 3257 1171 3276 ,.

289 3319 407 3387 decidit
427 3320 531 3386 insani
553 3318 677 3388 turbine
700 3320 785 3387 victa
806 3320 889 3401 noti;
962 3337 966 3368 ³

250 3459 347 3529 quam
369 3437 497 3504 tumidis
520 3438 631 3506 subter
653 3436 827 3504 decurrens
851 3436 962 3506 alveus
983 3437 1078 3506 undis

289 3554 424 3646 suscipit
445 3564 477 3622 et
497 3555 595 3622 fluvio
616 3556 848 3646 praecipitante
870 3556 967 3646 rapit:

185 3910 221 3965 10
238 3909 364 3976 compulit
382 3909 432 3960 tre.
470 3909 503 3960 12
521 3907 649 3975 peceatrice
665 3906 751 3962 multi.
787 3909 822 3964 1³
839 3905 1132 3978 omoitantiquissimi.

256 4000 290 4054 15
308 3997 412 4066 (Bebtii
429 3997 526 4064 65)st
544 3998 711 4054 continuom
730 4001 773 4054 rel
792 4001 954 4054 cautissime
972 3998 1052 4062 libri,
1075 3998 1093 4050 8
1110 4012 1245 4050 ommam.

187 4089 239 4144 boc
261 4089 387 4144 Bartlrius
411 4087 538 4146 correxit.
579 4089 674 4145 eodem
697 4105 777 4144 versu
798 4106 903 4144 aarum
926 4106 1012 4160 unus,
1036 4087 1120 4144 ceteri
1141 4102 1245 4144 wrm

187 4181 221 4233 1³
239 4181 268 4234 io
286 4195 349 4234 oere
368 4178 454 4234 multi.
