3130 5304
670 516 712 579 29

224 700 301 758 tunc
324 711 377 755 me
398 687 535 755 nobilior
557 708 675 776 magno
699 685 892 754 mercabitur
915 693 1050 775 emptor,

267 819 300 877 te
322 807 417 876 simul
439 831 514 875 aere
534 807 626 888 brevi
648 803 752 873 debile
774 803 892 894 vulgus
915 796 1019 871 emet?

162 1047 205 1112 39
228 1046 376 1115 Voverat
399 1045 523 1113 attritus
547 1043 709 1135 quondam
731 1065 790 1133 per
811 1039 934 1133 proelia
955 1037 1047 1106 miles

269 1166 378 1232 omnia
400 1164 575 1255 suppositis
597 1161 729 1252 ignibus·
749 1183 838 1228 arma
860 1158 947 1242 dare,
1054 1165 1057 1170 '

227 1283 281 1352 vel
304 1305 388 1375 quae
409 1283 524 1350 victori
545 1282 687 1347 moriens
709 1278 769 1346 sibi
792 1277 885 1345 turba
908 1277 1060 1358 dedisset,

270 1402 325 1471 vel
349 1400 503 1493 quidquid
524 1398 663 1490 profugo
686 1407 798 1489 posset
820 1396 860 1464 ab
882 1394 977 1464 hoste
998 1398 1076 1487 rapi.

200 1523 353 1590 sinterea
374 1521 458 1587 votis
480 1520 546 1587 fors
569 1519 678 1600 adluit,
701 1527 733 1584 et
754 1538 880 1583 memor
902 1538 991 1582 arma
1055 1566 1060 1574 ,

273 1647 427 1731 coeperat
450 1660 588 1705 accenso
611 1635 737 1727 singula
759 1635 843 1702 serre
864 1656 954 1724 rogo.

231 1769 309 1826 tunc
330 1756 432 1823 lituus
454 1778 554 1822 rauco
578 1755 753 1825 deflectens
775 1775 941 1820 murmure
963 1751 1092 1844 culpam

273 1877 458 1943 inmeritum
479 1875 617 1944 flammis
639 1898 676 1941 se
698 1874 796 1941 docet
815 1873 886 1963 ipse
908 1873 983 1964 peti

225 1993 329 2065 ‘nulla
351 1989 442 2061 tuos’
468 1995 573 2082 inquit
589 1988 767 2085 ‘petierunt
788 1991 853 2060 tela
874 1991 1024 2077 lacertos,

192 2141 224 2184 το
280 2113 401 2182 viribus
415 2110 577 2180 -adfirmes
601 2135 684 2204 quae
712 2121 821 2181 tamen
844 2121 916 2180 acta
937 2113 1035 2178 meis:

237 2235 297 2302 sed
319 2241 444 2298 tantum
465 2233 557 2299 vanis
582 2254 643 2321 ego
666 2231 811 2299 cantibus
834 2253 924 2299 arma
947 2231 1050 2322 coegi,

278 2351 342 2419 huc
368 2351 498 2448 quoque
521 2350 681 2418 submisso
705 2355 818 2436 (testor
839 2360 872 2416 at
895 2351 993 2435 astra)
1016 2344 1116 2416 suno.³

233 2471 288 2540 ille
309 2467 521 2537 resultantem
543 2468 681 2536 flammis
703 2468 933 2559 crepitantibus
956 2467 1079 2537 addens

277 2586 356 2657 ‘hoc
379 2598 411 2655 te
435 2583 556 2655 maior'
583 2589 626 2654 ait
648 2581 770 2678 ‘poena
794 2587 950 2680 dolorque
977 2596 1101 2656 manet:

197 2731 226 2775 rs
240 2731 318 2777 nam
339 2708 416 2775 licet
435 2708 507 2797 ipse
528 2705 605 2774 nihil
626 2707 732 2797 possis
754 2717 912 2800 temptare
934 2731 996 2776 nec
1018 2707 1114 2789 ausis,

282 2826 411 2892 saevior
431 2823 505 2906 hoc,
528 2823 607 2891 alios
631 2825 719 2915 quod
741 2827 820 2894 facis
843 2850 916 2894 esse
936 2821 1060 2894 malos.³

177 3067 222 3133 to
243 3063 423 3132 Distinctus
446 3062 580 3132 maculis
605 3073 637 3130 et
657 3061 793 3154 pulchro
815 3073 948 3152 pectore
969 3064 1089 3156 pardus

284 3185 368 3250 inter
390 3180 573 3249 consimiles
596 3181 706 3249 abnuit
725 3183 772 3249 ire
794 3181 899 3250 feras:

245 3302 302 3369 sed
325 3303 400 3393 quia
421 3299 511 3368 nulla
533 3323 650 3390 graves
673 3301 835 3373 variarent
857 3309 949 3391 terga
970 3301 1093 3386 leones,

288 3420 435 3509 protinus
456 3419 506 3486 bis
528 3421 683 3488 miserum
705 3418 841 3488 credidit
862 3443 935 3488 esse
956 3443 1068 3510 genus.

261 3740 306 3806 ³9,
326 3737 344 3791 t
361 3739 424 3804 rapi
442 3735 670 3802 Cannegieterus,
689 3739 749 3803 cupi
767 3735 838 3790 libri.
874 3739 969 3805 (isoes
987 3740 1174 3808 Wopkensius,
1191 3757 1252 3795 sors

185 3831 256 3886 libri.
292 3831 309 3883 8
325 3827 388 3882 libri
404 3843 433 3879 se
450 3829 527 3879 docet
541 3842 599 3878 esse
612 3827 700 3893 prius,
719 3830 752 3880 ll
771 3830 860 3880 ventis
877 3836 905 3880 et
923 3831 1054 3884 sentitus.
1090 3834 1124 3884 12
1142 3834 1178 3884 ml
1195 3849 1250 3886 non

185 3922 268 3990 nulli,
292 3920 415 3988 plerique
440 3927 476 3972 et.
512 3919 547 3971 lt
564 3933 633 3970 nunc
651 3925 678 3968 te
697 3921 739 3971 vel
762 3935 810 3971 nes
832 3927 859 3971 te
882 3918 959 3987 libri,
985 3927 1014 3974 et
1035 3921 1063 3974 in
1087 3924 1141 3975 fine
1165 3925 1251 3992 rapit.

186 4014 220 4066 15
238 4027 330 4066 omnes
349 4027 440 4072 surus,
459 4012 534 4062 nmis
551 4009 737 4077 Wopkensins.
772 4013 807 4064 16
825 4011 872 4064 alii
892 4013 960 4080 ipre.

257 4104 293 4156 to
311 4101 413 4167 (Babrii
429 4103 479 4156 101
494 4105 523 4154 et
537 4101 611 4168 133),
629 4103 648 4153 2
665 4101 721 4156 tter
737 4105 807 4156 mire
824 4101 961 4173 antiquus,
980 4103 1038 4158 ibat
1056 4106 1085 4157 ln
1104 4115 1173 4158 arva
1189 4107 1249 4174 ple-
1339 4087 1344 4098 ¹

188 4193 275 4264 rique,
292 4195 396 4260 respuit
414 4195 455 4245 ire
473 4209 544 4248 nnus
562 4208 666 4248 recens.
