3130 5304
661 475 700 541 21

214 641 268 710 illa
289 665 423 734 gemens
444 641 587 729 ‘desiste
609 669 736 737 precor,
756 644 925 716 fallaciter'
948 649 1051 739 inquit

251 758 414 832 ‘securam
435 764 569 856 placidis
590 764 789 832 instimulare
812 765 909 833 dolis:
998 797 1001 804 ·

212 883 303 969 [vera
325 883 401 952 licet
421 907 566 966 moneas,
587 886 710 952 maiora
730 884 874 977 pericula
896 884 1000 955 tollas.

172 1018 201 1062 ιιι
258 1007 293 1066 tu
314 1008 422 1070 tamen
443 1001 492 1070 his
515 1004 606 1072 dictis
629 1025 694 1070 non
714 1003 792 1070 iacis
815 1026 887 1070 esse
909 1003 1029 1090 fidem]

212 1139 288 1184 nam
311 1121 456 1210 quamvis
479 1124 575 1190 rectis
598 1133 725 1190 constet
746 1122 905 1189 sententia
927 1120 1043 1204 verbis,
1148 1201 1150 1208 Ι

254 1249 404 1328 suspecta
426 1241 508 1310 haec
528 1241 658 1310 rabidus
680 1240 865 1311 consiliator
886 1235 1004 1306 habes?

146 1477 189 1540 27
210 1475 377 1566 Ingentem
399 1480 509 1548 sitiens
530 1483 648 1549 cornix·
667 1489 840 1571 aspexerat
860 1501 985 1562 umam,

255 1619 338 1687 quae
359 1598 524 1667 minimam
545 1599 644 1668 fundo
668 1600 879 1668 continuisset
901 1620 1026 1690 aquam.

210 1713 294 1784 hanc
316 1716 404 1784 enisa
426 1719 482 1786 diu
501 1717 605 1809 planis
628 1718 793 1787 effundere
814 1718 947 1808 campis,

251 1834 374 1904 scilicet
399 1847 436 1905 ut
462 1837 593 1906 nimiam
614 1835 751 1927 pelleret
771 1836 845 1905 inde
867 1837 963 1918 sitim,

181 1965 381 2047 apostquam
403 1955 492 2024 nulla
514 1957 600 2024 viam
621 1958 723 2024 virtus
746 1955 844 2040 dedit,
864 1955 1019 2024 admovet
1037 1977 1149 2044 omnes

251 2073 417 2163 indignata
435 2097 522 2142 nova
543 2073 715 2142 calliditate
738 2073 846 2143 dolos:

209 2216 285 2260 nam
306 2193 414 2262 brevis
435 2193 583 2260 inmersis
606 2193 798 2264 adcrescens
821 2201 937 2286 sponte
957 2190 1073 2282 lapillis

252 2311 386 2404 potandi
406 2311 533 2381 facilem
554 2313 702 2404 praebuit
722 2312 810 2382 unda
830 2312 925 2380 viam

210 2432 342 2521 [viribus
362 2429 444 2501 haec
466 2431 577 2500 docuit
595 2453 697 2523 ‘mam
718 2432 759 2498 sit
779 2429 951 2521 prudentia
970 2430 1083 2514 maior,

168 2575 198 2620 ro
255 2573 338 2644 quae
360 2560 513 2644 coeptum
533 2548 674 2620 volucris
698 2548 1033 2640 explicassemus]
1132 2523 1140 2544 ¹

145 2791 188 2859 28
209 2787 326 2860 Vincla
346 2790 509 2859 recusanti
530 2788 779 2880 dedignantique
800 2791 938 2858 iuvenco

252 2929 367 2999 aspera
388 2907 532 2976 mordaci
553 2905 692 2976 subdere
714 2907 798 2978 colla
818 2908 895 2999 iugo

209 3029 347 3096 rusticus
366 3025 495 3118 obliqua
516 3025 686 3094 succidens
708 3047 830 3096 cornua
849 3026 933 3096 falce

251 3145 386 3216 credidit
405 3145 555 3212 insanum
576 3144 787 3212 defremuisse
807 3166 918 3233 pecus,

180 3274 323 3334 scautus
346 3273 379 3331 et
397 3264 545 3332 inmenso
567 3265 729 3332 cervicem
749 3265 883 3335 innectit
904 3273 1010 3336 aratro

253 3387 331 3469 (non
353 3391 423 3449 erat
442 3383 495 3452 hic
518 3404 619 3451 cornu
640 3384 819 3475 promptior
841 3392 938 3475 atque
959 3383 1065 3474 pede),

209 3501 331 3572 scilicet
351 3509 387 3568 ut
407 3499 524 3590 longus
544 3501 730 3591 prohiberet
751 3503 888 3570 verbera
909 3511 1007 3584 temo,

251 3642 336 3692 neve
357 3619 440 3687 ictus
462 3618 571 3687 faciles
593 3619 714 3709 ungala
736 3641 835 3688 saeva
857 3620 955 3689 daret.

213 3885 249 3936 26
267 3878 375 3949 (corais
392 3877 475 3944 230),
493 3878 510 3932 8
527 3878 697 3930 instimulare
715 3876 811 3946 pauci,
829 3877 952 3948 plerique
969 3880 1134 3952 intimator.
1168 3879 1204 3932 12

144 3981 297 4044 suspectam
312 3971 380 4025 tono
396 3985 498 4038 omnes,
518 3973 573 4022 tum
593 3967 713 4038 plerique
730 3969 858 4035 pravidos
873 3973 902 4021 et
918 3969 1007 4025 hotot.

216 4065 251 4120 27
270 4060 406 4129 (Doritlrei
423 4063 461 4126 8).

215 4155 261 4221 28,
277 4155 296 4206 6
313 4170 367 4206 aon
384 4151 452 4206 tiber
469 4150 615 4218 recentior,
634 4167 746 4222 nonaque
766 4149 895 4220 plerique.
