3130 5304
58 667 60 670 ’
159 671 202 737 33
224 673 329 740 Anser
351 679 420 738 crat
440 671 568 740 cuidam
581 673 732 764 pretioso
755 674 901 764 gemrine
921 673 995 756 feta,

268 813 394 884 ovaque
418 814 502 882 quae
522 791 604 860 nidis
628 813 727 860 aurea
748 813 847 882 saepe
870 791 970 861 daret

225 909 353 1000 [fixerat
374 909 459 982 hanc
479 910 604 980 volucri
624 909 732 1002 legem
752 919 868 978 natura
890 911 1059 1002 superbae,

259 1047 310 1097 'ne
329 1029 427 1098 liceat
447 1032 566 1122 pariter
587 1053 722 1100 munera
743 1031 828 1098 ferre
851 1029 925 1097 duo.

197 1149 283 1216 ssed
306 1149 464 1232 dominus,
486 1151 639 1242 cupidum
660 1171 794 1240 sperans
816 1169 994 1218 vanescere
1015 1158 1138 1232 votum,

269 1289 336 1336 non
357 1267 431 1336 tulit
451 1290 569 1336 exosas
591 1270 625 1336 in
647 1290 707 1336 sua
728 1267 820 1336 luera
841 1267 972 1354 moras]

225 1386 347 1477 grande
368 1395 458 1454 ratus
479 1389 619 1477 pretium
638 1385 779 1455 volucris
802 1384 843 1453 de
865 1393 970 1452 morte
991 1384 1112 1452 referre

271 1506 326 1598 qui
347 1515 413 1574 tarn
436 1507 588 1574 continuo
610 1527 746 1574 munere
768 1503 859 1573 dives
882 1513 960 1588 crat,

229 1635 402 1718 postquam
421 1625 509 1694 nuda
530 1625 641 1693 minax
663 1625 731 1715 agit
747 1645 807 1716 per
827 1624 953 1692 viscera
974 1624 1094 1692 temam

188 1761 218 1806 ιο
276 1755 310 1812 et
329 1767 468 1814 vacuam
490 1744 591 1812 solitis
613 1744 729 1813 fetibus
752 1767 824 1812 esse
845 1741 943 1826 videt,

229 1863 387 1954 ingemuit
406 1873 515 1932 tantae
537 1862 691 1954 deceptus
713 1863 847 1932 crimine
868 1862 1002 1933 fraudis:

272 2005 350 2050 nam
370 2005 511 2075 poenam
532 1983 653 2052 meritis
673 1981 795 2052 rettulit
815 1981 890 2050 inde
912 1984 989 2052 suis.

235 2102 294 2190 [sic
316 2104 371 2193 qui
393 2111 510 2170 cuncta
532 2101 611 2168 deos
632 2123 698 2168 uno
720 2101 807 2168 male
829 2111 975 2194 tempore
996 2113 1144 2193 poscunt,

276 2222 390 2290 iustius
410 2219 460 2288 his
483 2221 581 2288 etiam
602 2229 680 2288 vota
702 2218 817 2288 diurna
836 2221 979 2312 negant]

171 2459 215 2526 34
236 2458 405 2551 [Quisquis
427 2469 611 2550 torpentem
631 2481 747 2552 passus
768 2459 906 2528 transire
925 2461 1091 2528 iuventam

276 2599 339 2646 nec
360 2577 466 2646 timuit
487 2577 574 2646 vitae
595 2577 750 2671 providus
774 2586 848 2646 ante
869 2575 964 2662 mala,

238 2698 405 2766 confectus
427 2698 530 2780 senio,
551 2705 725 2790 postquam
747 2698 854 2787 gravis
877 2695 978 2764 adfuit
998 2708 1098 2782 aetas,

279 2812 345 2883 heu
366 2816 484 2881 frustra
506 2813 636 2880 alterius
659 2835 759 2905 saepe
782 2813 908 2904 rogabit
926 2816 1047 2906 opem]

210 2931 368 3002 eSolibus
391 2954 527 3024 erepcns
548 2931 647 3001 hiemi
668 2934 802 3001 formica
824 2931 951 3002 labores

281 3051 395 3124 detulit
417 3061 450 3121 et
470 3052 621 3122 brevibus
644 3052 788 3122 condidit
807 3063 883 3122 ante
905 3055 1009 3123 cavisz

240 3195 356 3242 verum
376 3171 431 3240 ubi
453 3171 629 3240 candentes
652 3171 796 3262 suscepit
816 3179 903 3240 terra
924 3174 1068 3263 pruinas,

283 3292 439 3383 [arvaque
461 3289 521 3359 sub
543 3288 646 3381 rigido
669 3289 826 3359 delituere
848 3289 935 3382 gelu,

240 3411 334 3503 pigra
355 3410 450 3477 nimis
468 3417 576 3476 tantos
596 3429 663 3476 nen
685 3430 829 3502 aequans
851 3430 988 3498 corpore
1008 3408 1147 3500 nimbos]

202 3551 232 3596 m
286 3530 320 3596 in
341 3526 460 3596 laribus
482 3527 619 3618 propriis
640 3527 750 3594 umida
772 3547 873 3618 grana
893 3524 981 3618 legit.

243 3645 376 3716 decolor
397 3644 481 3714 hanc
503 3643 652 3738 precibus
674 3643 814 3736 supplex
835 3644 986 3714 alimenta
1007 3646 1152 3738 rogabat,

288 3788 372 3862 quae
394 3763 558 3860 quonmm
581 3760 716 3858 quenula
738 3773 871 3856 ruperat
892 3787 971 3834 arva
992 3787 1088 3836 sono:
1130 3843 1133 3850 ¹

252 4010 287 4062 33
305 4009 409 4076 (Babrii
427 4009 502 4077 12³).

255 4099 291 4154 st
309 4099 413 4168 (marti
430 4102 509 4167 137),
529 4099 547 4154 5
566 4105 675 4166 ereptas
692 4097 766 4166 libri,
788 4099 806 4151 θ
824 4099 946 4166 attatum,
964 4099 1001 4154 10
1018 4099 1047 4152 in
1064 4099 1184 4167 propriis
1202 4100 1245 4151 trr-

186 4190 270 4253 ritas,
