3130 5304
846 476 889 542 26

402 671 438 716 se
460 669 599 740 quoque,
620 654 761 716 maturas
784 669 859 716 cum
879 645 1031 714 tunderet
1052 667 1127 712 arca
1150 667 1283 728 messes,

446 765 590 835 cantibus
612 765 751 834 aestivos
775 763 968 855 explicuisse
985 764 1068 833 dics.

362 907 391 952 rs
404 885 539 976 parvula
560 895 637 954 tunc
655 883 764 952 ridens
787 885 833 953 sic
855 895 906 952 est
927 884 1032 952 adfata
1056 884 1210 954 cicadam.

440 1000 533 1074 ‘num
554 1005 652 1072 vitam
674 1003 793 1093 pariter
814 1005 1002 1072 continuare
1023 1003 1147 1093 pudet?

399 1125 445 1194 mi
465 1126 617 1216 quoniam
637 1145 764 1192 sumam
785 1121 964 1192 substanc'a
985 1131 1077 1212 parta
1097 1121 1209 1192 labore
1232 1131 1291 1202 cst,

443 1243 617 1334 [rigoribus
635 1241 748 1310 mediis
771 1242 836 1310 otia
856 1238 955 1330 longa
975 1238 1083 1310 trahe:

402 1372 434 1430 at
455 1363 511 1432 titi
532 1361 670 1430 saltandi
691 1382 777 1428 nunc
795 1358 1076 1450 ultimaftempora
1097 1369 1249 1442 restact‚'

359 1503 390 1546 cc
446 1481 591 1548 cantibus
612 1490 664 1548 est
685 1480 838 1572 quoniam
859 1480 925 1548 vita
947 1487 1078 1570 peracta
1100 1475 1205 1570 prior?
1248 1537 1252 1544 .

336 1719 379 1787 35
400 1717 500 1786 Fama
523 1728 573 1788 cst
593 1727 630 1786 ut
650 1718 815 1808 geminum
835 1739 901 1786 una
922 1717 1120 1809 profundens
1139 1717 1232 1786 siscia
1254 1727 1382 1808 partum

441 1837 563 1906 dividat
582 1837 616 1906 in
637 1837 742 1904 varias
763 1837 900 1928 pignera
919 1847 997 1907 nata
1017 1837 1122 1906 vices:

399 1958 552 2048 [namque
573 1965 674 2024 urium
696 1977 772 2024 carc
792 1956 943 2046 'genetrix
966 1954 1074 2024 educit
1095 1977 1215 2048 amore,

439 2073 571 2144 alterius
594 2074 674 2148 odiis
698 2083 883 2144 exsaturata
904 2084 1016 2144 mmet

372 2195 544 2284 scoeperit
564 2203 601 2262 ut
620 2195 721 2264 ictam
742 2195 872 2284 gratior
893 2204 1015 2264 terrere
1037 2192 1202 2275 temdus,

439 2311 582 2378 dissimili
604 2321 697 2378 natos
720 2311 909 2378 condicione
931 2313 1042 2402 rapitt]

398 2427 550 2500 dilectum
571 2428 719 2500 manibus
741 2429 795 2500 val
813 2440 946 2522 pectore
966 2441 1074 2522 gestat
1095 2433 1210 2514 amico,

439 2555 661 2639 contemptum
683 2548 780 2618 dorsa
803 2549 999 2638 suscipiente
1019 2548 1126 2618 levat

396 2669 454 2738 sed
477 2689 553 2740 curn
573 2666 699 2738 lassatis
721 2668 845 2760 nequiit
866 2669 1045 2738 consistere
1064 2669 1193 2761 plantis,

353 2813 384 2858 ro
441 2790 623 2880 appositum
644 2787 771 2879 fugiens
793 2797 910 2877 sponte
932 2790 1186 2859 semiditonus:

395 2907 477 2976 alter
498 2917 531 2974 at
552 2907 674 2976 hirsuto
697 2907 921 2978 circumdans
943 2905 1094 2978 bracchia
1115 2907 1198 2978 collo

433 3024 545 3094 haeret
563 3034 600 3093 et
619 3025 719 3094 icvitc
742 3037 817 3094 cum
840 3026 1005 3115 genetrice
1026 3027 1115 3116 fugit.

394 3145 487 3233 [mox
509 3155 640 3236 quoque
662 3142 770 3214 dilecti
791 3144 938 3215 succedit
958 3145 991 3214 in
1014 3144 1263 3231 neustrianis,

436 3272 583 3330 servatus
606 3261 723 3354 vetulis
745 3263 860 3332 unricus
881 3262 1064 3334 herie'aris.

351 3405 380 3450 ss
397 3381 585 3458 circuitos
608 3379 758 3474 neglecta
776 3383 891 3452 iuvant
911 3391 1010 3476 atqie
1033 3385 1145 3454 cadiae
1164 3407 1283 3457 ccrsc¹¹

434 3525 509 3593 spes
531 3499 672 3572 humiles.
691 3523 801 3572 rursus
823 3505 856 3570 in
877 3503 1011 3572 meliora
1031 3505 1154 3592 retest]
1253 3511 1281 3570 ,κ’
1341 3555 1344 3564 .

328 3793 363 3848 la
380 3807 444 3846 acac
462 3793 490 3842 ct
507 3771 604 3841 edicat.
702 3796 708 3809 ⁶
1158 3826 1161 3832 ,

399 3882 433 3936 35
457 3878 561 3949 (Babrii
578 3878 642 3948 35),
666 3881 682 3931 1
708 3876 770 3932 libri
788 3881 875 3932 Fama
899 3887 940 3934 cst
964 3881 1034 3948 quod
1057 3882 1188 3948 yemiacm
1212 3879 1389 3949 profundens.

329 3977 346 4028 3
364 3974 459 4028 educit
477 3971 564 4026 multi.
598 3971 616 4026 4
634 3971 799 4040 arrectasque
817 3970 907 4040 pauci.
941 3973 1078 4041 trrcqcitt
1090 3973 1208 4029 Batavus
1224 3970 1323 4038 editor,
1340 3985 1389 4022 cc-

329 4073 409 4136 cccct
427 4063 496 4120 libri.
532 4063 567 4119 10
584 4063 737 4132 appositum
754 4062 790 4116 N.
807 4061 950 4130 Heinsius,
974 4065 1126 4130 oppositam
1148 4063 1219 4120 libri.
1256 4063 1291 4120 14
1313 4062 1389 4116 teres

328 4157 419 4223 vulgo.
