<?xml version="1.0" encoding="UTF-8"?>
<!DOCTYPE html PUBLIC "-//W3C//DTD XHTML 1.0 Transitional//EN"
    "http://www.w3.org/TR/xhtml1/DTD/xhtml1-transitional.dtd">
<html xmlns="http://www.w3.org/1999/xhtml" xml:lang="en" lang="en">
 <head>
  <title>
</title>
<meta http-equiv="Content-Type" content="text/html;charset=utf-8" />
  <meta name='ocr-system' content='tesseract 3.04.00' />
  <meta name='ocr-capabilities' content='ocr_page ocr_carea ocr_par ocr_line ocrx_word'/>
</head>
<body>
  <div class='ocr_page' id='page_1' title='image "./fabulae00aviagoog_0029.png"; bbox 0 0 3130 5304; ppageno 0'>
   <div class='ocr_carea' id='block_1_1' title="bbox 884 489 927 552">
    <p class='ocr_par' dir='ltr' id='par_1_1' title="bbox 884 489 927 552">
     <span class='ocr_line' id='line_1_1' title="bbox 884 489 927 552; baseline 0 0"><span class='ocrx_word' id='word_1_1' title='bbox 884 489 927 552; x_wconf 88' lang='grc'><strong>20</strong></span> 
     </span>
    </p>
   </div>
   <div class='ocr_carea' id='block_1_2' title="bbox 401 659 1444 870">
    <p class='ocr_par' dir='ltr' id='par_1_2' title="bbox 401 659 1444 870">
     <span class='ocr_line' id='line_1_2' title="bbox 401 659 1444 750; baseline -0.005 -19"><span class='ocrx_word' id='word_1_2' title='bbox 401 686 430 730; x_wconf 78' lang='lat'><strong>15</strong></span> <span class='ocrx_word' id='word_1_3' title='bbox 444 673 521 731; x_wconf 91' lang='lat' dir='ltr'><strong>tunc</strong></span> <span class='ocrx_word' id='word_1_4' title='bbox 543 661 709 728; x_wconf 87' lang='lat' dir='ltr'><strong>hominem</strong></span> <span class='ocrx_word' id='word_1_5' title='bbox 732 659 893 750; x_wconf 76' lang='lat' dir='ltr'>aspiceres</span> <span class='ocrx_word' id='word_1_6' title='bbox 917 678 1108 748; x_wconf 88' lang='lat' dir='ltr'><strong>expressum</strong></span> <span class='ocrx_word' id='word_1_7' title='bbox 1129 679 1290 726; x_wconf 84' lang='lat' dir='ltr'><strong>mamrore</strong></span> <span class='ocrx_word' id='word_1_8' title='bbox 1312 679 1444 748; x_wconf 72' lang='lat' dir='ltr'><strong>magno,</strong></span> 
     </span>
     <span class='ocr_line' id='line_1_3' title="bbox 483 773 1183 870; baseline 0 -24"><span class='ocrx_word' id='word_1_9' title='bbox 483 779 638 847; x_wconf 85' lang='lat' dir='ltr'><strong>conderet</strong></span> <span class='ocrx_word' id='word_1_10' title='bbox 659 789 697 847; x_wconf 89' lang='lat' dir='ltr'><strong>ut</strong></span> <span class='ocrx_word' id='word_1_11' title='bbox 715 778 834 870; x_wconf 84' lang='lat' dir='ltr'>rapidis</span> <span class='ocrx_word' id='word_1_12' title='bbox 853 776 965 844; x_wconf 85' lang='lat' dir='ltr'><strong>ultima</strong></span> <span class='ocrx_word' id='word_1_13' title='bbox 986 777 1051 846; x_wconf 87' lang='lat' dir='ltr'><strong>fata</strong></span> <span class='ocrx_word' id='word_1_14' title='bbox 1074 773 1183 869; x_wconf 77' lang='lat' dir='ltr'><strong>genis.³</strong></span> 
     </span>
    </p>
   </div>
   <div class='ocr_carea' id='block_1_3' title="bbox 378 1015 1357 2647">
    <p class='ocr_par' dir='ltr' id='par_1_3' title="bbox 378 1015 1357 2647">
     <span class='ocr_line' id='line_1_4' title="bbox 378 1015 1315 1108; baseline 0 -24"><span class='ocrx_word' id='word_1_15' title='bbox 378 1018 422 1084; x_wconf 83' lang='lat'><strong>25</strong></span> <span class='ocrx_word' id='word_1_16' title='bbox 442 1016 540 1084; x_wconf 81' lang='lat' dir='ltr'><strong>Flens</strong></span> <span class='ocrx_word' id='word_1_17' title='bbox 563 1039 646 1108; x_wconf 89' lang='lat' dir='ltr'><strong>puer</strong></span> <span class='ocrx_word' id='word_1_18' title='bbox 668 1025 848 1084; x_wconf 80' lang='lat' dir='ltr'><strong>extremam</strong></span> <span class='ocrx_word' id='word_1_19' title='bbox 870 1019 959 1107; x_wconf 91' lang='lat' dir='ltr'><strong>putei</strong></span> <span class='ocrx_word' id='word_1_20' title='bbox 982 1015 1128 1083; x_wconf 84' lang='lat' dir='ltr'><strong>consedit</strong></span> <span class='ocrx_word' id='word_1_21' title='bbox 1149 1015 1190 1082; x_wconf 90' lang='lat' dir='ltr'><strong>ad</strong></span> <span class='ocrx_word' id='word_1_22' title='bbox 1216 1037 1315 1096; x_wconf 83' lang='lat' dir='ltr'><strong>oram,</strong></span> 
     </span>
     <span class='ocr_line' id='line_1_5' title="bbox 484 1131 1219 1226; baseline -0.001 -25"><span class='ocrx_word' id='word_1_23' title='bbox 484 1157 569 1201; x_wconf 88' lang='lat' dir='ltr'><strong>vana</strong></span> <span class='ocrx_word' id='word_1_24' title='bbox 592 1158 690 1226; x_wconf 90' lang='lat' dir='ltr'><strong>super</strong></span> <span class='ocrx_word' id='word_1_25' title='bbox 712 1134 828 1226; x_wconf 90' lang='lat' dir='ltr'><strong>patulis</strong></span> <span class='ocrx_word' id='word_1_26' title='bbox 849 1135 979 1205; x_wconf 89' lang='lat' dir='ltr'><strong>rictibus</strong></span> <span class='ocrx_word' id='word_1_27' title='bbox 1003 1157 1059 1202; x_wconf 89' lang='lat' dir='ltr'><strong>ora</strong></span> <span class='ocrx_word' id='word_1_28' title='bbox 1080 1131 1219 1203; x_wconf 89' lang='lat' dir='ltr'><strong>trahens.</strong></span> 
     </span>
     <span class='ocr_line' id='line_1_6' title="bbox 445 1251 1353 1345; baseline 0 -25"><span class='ocrx_word' id='word_1_29' title='bbox 445 1253 532 1322; x_wconf 88' lang='lat' dir='ltr'><strong>hunc</strong></span> <span class='ocrx_word' id='word_1_30' title='bbox 555 1251 677 1321; x_wconf 88' lang='lat' dir='ltr'><strong>calidus</strong></span> <span class='ocrx_word' id='word_1_31' title='bbox 700 1252 839 1322; x_wconf 80' lang='lat' dir='ltr'><strong>lacrimis</strong></span> <span class='ocrx_word' id='word_1_32' title='bbox 860 1263 1032 1345; x_wconf 90' lang='lat' dir='ltr'><strong>postquam</strong></span> <span class='ocrx_word' id='word_1_33' title='bbox 1054 1254 1105 1322; x_wconf 88' lang='lat' dir='ltr'><strong>vir</strong></span> <span class='ocrx_word' id='word_1_34' title='bbox 1124 1253 1204 1320; x_wconf 90' lang='lat' dir='ltr'><strong>vidit</strong></span> <span class='ocrx_word' id='word_1_35' title='bbox 1225 1253 1353 1334; x_wconf 87' lang='lat' dir='ltr'><strong>obortis,</strong></span> 
     </span>
     <span class='ocr_line' id='line_1_7' title="bbox 489 1372 1254 1464; baseline -0.003 -24"><span class='ocrx_word' id='word_1_36' title='bbox 489 1395 651 1464; x_wconf 82' lang='lat' dir='ltr'><strong>quaenam</strong></span> <span class='ocrx_word' id='word_1_37' title='bbox 673 1373 820 1439; x_wconf 89' lang='lat' dir='ltr'><strong>tristitiae</strong></span> <span class='ocrx_word' id='word_1_38' title='bbox 841 1374 883 1440; x_wconf 90' lang='lat' dir='ltr'><strong>sit</strong></span> <span class='ocrx_word' id='word_1_39' title='bbox 902 1372 1000 1440; x_wconf 91' lang='lat' dir='ltr'><strong>modo</strong></span> <span class='ocrx_word' id='word_1_40' title='bbox 1022 1393 1131 1454; x_wconf 77' lang='lat' dir='ltr'><strong>causa,</strong></span> <span class='ocrx_word' id='word_1_41' title='bbox 1152 1381 1254 1463; x_wconf 83' lang='lat' dir='ltr'><strong>rogat</strong></span> 
     </span>
     <span class='ocr_line' id='line_1_8' title="bbox 417 1488 1185 1582; baseline -0.004 -23"><span class='ocrx_word' id='word_1_42' title='bbox 417 1489 499 1560; x_wconf 81' lang='lat' dir='ltr'><strong>sille</strong></span> <span class='ocrx_word' id='word_1_43' title='bbox 521 1491 581 1560; x_wconf 90' lang='lat' dir='ltr'><strong>sibi</strong></span> <span class='ocrx_word' id='word_1_44' title='bbox 603 1488 729 1580; x_wconf 86' lang='lat' dir='ltr'><strong>abrupti</strong></span> <span class='ocrx_word' id='word_1_45' title='bbox 749 1488 873 1582; x_wconf 85' lang='lat' dir='ltr'><strong>lingens</strong></span> <span class='ocrx_word' id='word_1_46' title='bbox 897 1489 1080 1558; x_wconf 88' lang='lat' dir='ltr'><strong>discrimina</strong></span> <span class='ocrx_word' id='word_1_47' title='bbox 1101 1491 1185 1558; x_wconf 86' lang='lat' dir='ltr'><strong>funis</strong></span> 
     </span>
     <span class='ocr_line' id='line_1_9' title="bbox 488 1609 1197 1701; baseline 0 -25"><span class='ocrx_word' id='word_1_48' title='bbox 488 1620 585 1701; x_wconf 90' lang='lat' dir='ltr'><strong>atque</strong></span> <span class='ocrx_word' id='word_1_49' title='bbox 613 1609 682 1675; x_wconf 84' lang='lat' dir='ltr'><strong>auri</strong></span> <span class='ocrx_word' id='word_1_50' title='bbox 709 1609 853 1699; x_wconf 85' lang='lat' dir='ltr'><strong>queritur</strong></span> <span class='ocrx_word' id='word_1_51' title='bbox 878 1609 1046 1678; x_wconf 83' lang='lat' dir='ltr'><strong>desiluisse</strong></span> <span class='ocrx_word' id='word_1_52' title='bbox 1070 1609 1197 1677; x_wconf 88' lang='lat' dir='ltr'><strong>cadum.</strong></span> 
     </span>
     <span class='ocr_line' id='line_1_10' title="bbox 443 1726 1357 1820; baseline 0 -26"><span class='ocrx_word' id='word_1_53' title='bbox 443 1749 507 1795; x_wconf 89' lang='lat' dir='ltr'><strong>nec</strong></span> <span class='ocrx_word' id='word_1_54' title='bbox 527 1749 619 1795; x_wconf 91' lang='lat' dir='ltr'><strong>mora</strong></span> <span class='ocrx_word' id='word_1_55' title='bbox 640 1726 791 1795; x_wconf 89' lang='lat' dir='ltr'><strong>sollicito:</strong></span> <span class='ocrx_word' id='word_1_56' title='bbox 814 1731 911 1796; x_wconf 87' lang='lat' dir='ltr'><strong>traxit</strong></span> <span class='ocrx_word' id='word_1_57' title='bbox 932 1752 1047 1798; x_wconf 93' lang='lat' dir='ltr'><strong>manus</strong></span> <span class='ocrx_word' id='word_1_58' title='bbox 1069 1729 1195 1820; x_wconf 85' lang='lat' dir='ltr'><strong>inpigra</strong></span> <span class='ocrx_word' id='word_1_59' title='bbox 1216 1736 1357 1795; x_wconf 88' lang='lat' dir='ltr'><strong>vestem:</strong></span> 
     </span>
     <span class='ocr_line' id='line_1_11' title="bbox 486 1847 1078 1941; baseline 0.003 -28"><span class='ocrx_word' id='word_1_60' title='bbox 486 1857 603 1914; x_wconf 88' lang='lat' dir='ltr'><strong>exutus</strong></span> <span class='ocrx_word' id='word_1_61' title='bbox 625 1847 715 1936; x_wconf 88' lang='lat' dir='ltr'><strong>putei</strong></span> <span class='ocrx_word' id='word_1_62' title='bbox 735 1850 880 1938; x_wconf 89' lang='lat' dir='ltr'><strong>protinus</strong></span> <span class='ocrx_word' id='word_1_63' title='bbox 903 1851 968 1918; x_wconf 89' lang='lat' dir='ltr'><strong>ima</strong></span> <span class='ocrx_word' id='word_1_64' title='bbox 989 1850 1078 1941; x_wconf 87' lang='lat' dir='ltr'><strong>petit.</strong></span> 
     </span>
     <span class='ocr_line' id='line_1_12' title="bbox 443 1964 1233 2059; baseline 0.004 -28"><span class='ocrx_word' id='word_1_65' title='bbox 443 1964 608 2055; x_wconf 90' lang='lat' dir='ltr'><strong>parvulus,</strong></span> <span class='ocrx_word' id='word_1_66' title='bbox 630 1966 749 2055; x_wconf 78' lang='lat' dir='ltr'><strong>exiguo</strong></span> <span class='ocrx_word' id='word_1_67' title='bbox 771 1967 894 2034; x_wconf 90' lang='lat' dir='ltr'><strong>circum</strong></span> <span class='ocrx_word' id='word_1_68' title='bbox 916 1969 997 2036; x_wconf 89' lang='lat' dir='ltr'><strong>dans</strong></span> <span class='ocrx_word' id='word_1_69' title='bbox 1018 1967 1115 2059; x_wconf 88' lang='lat' dir='ltr'><strong>pallia</strong></span> <span class='ocrx_word' id='word_1_70' title='bbox 1137 1965 1233 2050; x_wconf 88' lang='lat' dir='ltr'><strong>collo,</strong></span> 
     </span>
     <span class='ocr_line' id='line_1_13' title="bbox 404 2084 1126 2155; baseline 0.012 -9"><span class='ocrx_word' id='word_1_71' title='bbox 404 2103 434 2146; x_wconf 84' lang='lat' dir='ltr'><strong>ro</strong></span> <span class='ocrx_word' id='word_1_72' title='bbox 490 2084 634 2152; x_wconf 75' lang='lat' dir='ltr'><strong>sentibus</strong></span> <span class='ocrx_word' id='word_1_73' title='bbox 654 2087 814 2153; x_wconf 84' lang='lat' dir='ltr'><strong>inmersus</strong></span> <span class='ocrx_word' id='word_1_74' title='bbox 837 2085 1001 2155; x_wconf 88' lang='lat' dir='ltr'><strong>delituisse</strong></span> <span class='ocrx_word' id='word_1_75' title='bbox 1024 2088 1126 2155; x_wconf 88' lang='lat' dir='ltr'><strong>datur.</strong></span> 
     </span>
     <span class='ocr_line' id='line_1_14' title="bbox 446 2203 1169 2296; baseline 0.007 -27"><span class='ocrx_word' id='word_1_76' title='bbox 446 2203 504 2270; x_wconf 89' lang='lat' dir='ltr'><strong>scd</strong></span> <span class='ocrx_word' id='word_1_77' title='bbox 525 2214 599 2292; x_wconf 93' lang='lat' dir='ltr'><strong>post</strong></span> <span class='ocrx_word' id='word_1_78' title='bbox 621 2203 744 2272; x_wconf 77' lang='lat' dir='ltr'><strong>fallacis</strong></span> <span class='ocrx_word' id='word_1_79' title='bbox 763 2216 916 2295; x_wconf 89' lang='lat' dir='ltr'><strong>suscepta</strong></span> <span class='ocrx_word' id='word_1_80' title='bbox 936 2205 1080 2296; x_wconf 90' lang='lat' dir='ltr'><strong>pericula</strong></span> <span class='ocrx_word' id='word_1_81' title='bbox 1100 2207 1169 2274; x_wconf 91' lang='lat' dir='ltr'><strong>voti</strong></span> 
     </span>
     <span class='ocr_line' id='line_1_15' title="bbox 488 2321 1158 2408; baseline 0.009 -22"><span class='ocrx_word' id='word_1_82' title='bbox 488 2321 585 2388; x_wconf 86' lang='lat' dir='ltr'><strong>tn&#39;stis</strong></span> <span class='ocrx_word' id='word_1_83' title='bbox 607 2331 644 2389; x_wconf 93' lang='lat' dir='ltr'><strong>ut</strong></span> <span class='ocrx_word' id='word_1_84' title='bbox 667 2326 785 2392; x_wconf 91' lang='lat' dir='ltr'><strong>amissa</strong></span> <span class='ocrx_word' id='word_1_85' title='bbox 805 2333 898 2392; x_wconf 87' lang='lat' dir='ltr'><strong>reste</strong></span> <span class='ocrx_word' id='word_1_86' title='bbox 919 2323 1039 2392; x_wconf 75' lang='lat' dir='ltr'><strong>resedit</strong></span> <span class='ocrx_word' id='word_1_87' title='bbox 1059 2321 1158 2408; x_wconf 90' lang='lat' dir='ltr'><strong>humi,</strong></span> 
     </span>
     <span class='ocr_line' id='line_1_16' title="bbox 446 2439 1223 2534; baseline 0.006 -27"><span class='ocrx_word' id='word_1_88' title='bbox 446 2439 560 2507; x_wconf 89' lang='lat' dir='ltr'><strong>dicitur</strong></span> <span class='ocrx_word' id='word_1_89' title='bbox 581 2440 629 2508; x_wconf 91' lang='lat' dir='ltr'><strong>his</strong></span> <span class='ocrx_word' id='word_1_90' title='bbox 651 2441 765 2509; x_wconf 88' lang='lat' dir='ltr'><strong>sollcrs</strong></span> <span class='ocrx_word' id='word_1_91' title='bbox 787 2465 905 2511; x_wconf 88' lang='lat' dir='ltr'><strong>vocem</strong></span> <span class='ocrx_word' id='word_1_92' title='bbox 926 2446 1052 2534; x_wconf 83' lang='lat' dir='ltr'><strong>rupisse</strong></span> <span class='ocrx_word' id='word_1_93' title='bbox 1074 2443 1223 2534; x_wconf 87' lang='lat' dir='ltr'><strong>querellis</strong></span> 
     </span>
     <span class='ocr_line' id='line_1_17' title="bbox 487 2560 1150 2647; baseline 0.014 -25"><span class='ocrx_word' id='word_1_94' title='bbox 487 2566 520 2623; x_wconf 89' lang='lat' dir='ltr'><strong>et</strong></span> <span class='ocrx_word' id='word_1_95' title='bbox 541 2560 662 2647; x_wconf 83' lang='lat' dir='ltr'><strong>gemitu</strong></span> <span class='ocrx_word' id='word_1_96' title='bbox 684 2583 829 2628; x_wconf 90' lang='lat' dir='ltr'><strong>summos</strong></span> <span class='ocrx_word' id='word_1_97' title='bbox 849 2560 1040 2628; x_wconf 86' lang='lat' dir='ltr'><strong>sollicitasse</strong></span> <span class='ocrx_word' id='word_1_98' title='bbox 1063 2561 1150 2632; x_wconf 89' lang='lat' dir='ltr'><strong>deos.</strong></span> 
     </span>
    </p>
   </div>
   <div class='ocr_carea' id='block_1_4' title="bbox 403 2671 1414 2892">
    <p class='ocr_par' dir='ltr' id='par_1_4' title="bbox 403 2671 1414 2892">
     <span class='ocr_line' id='line_1_18' title="bbox 403 2671 1414 2775; baseline 0.013 -33"><span class='ocrx_word' id='word_1_99' title='bbox 403 2671 592 2769; x_wconf 80' lang='lat' dir='ltr'><strong>rs‘perdita‚</strong></span> <span class='ocrx_word' id='word_1_100' title='bbox 614 2679 756 2770; x_wconf 90' lang='lat' dir='ltr'><strong>quisquis</strong></span> <span class='ocrx_word' id='word_1_101' title='bbox 780 2681 849 2762; x_wconf 88' lang='lat' dir='ltr'><strong>en&#39;t,</strong></span> <span class='ocrx_word' id='word_1_102' title='bbox 869 2690 945 2770; x_wconf 89' lang='lat' dir='ltr'><strong>post</strong></span> <span class='ocrx_word' id='word_1_103' title='bbox 965 2677 1047 2748; x_wconf 89' lang='lat' dir='ltr'><strong>haec</strong></span> <span class='ocrx_word' id='word_1_104' title='bbox 1069 2680 1155 2750; x_wconf 88' lang='lat' dir='ltr'><strong>bona</strong></span> <span class='ocrx_word' id='word_1_105' title='bbox 1175 2683 1273 2775; x_wconf 85' lang='lat' dir='ltr'><strong>pallia</strong></span> <span class='ocrx_word' id='word_1_106' title='bbox 1295 2687 1414 2770; x_wconf 87' lang='lat' dir='ltr'><strong>credat,</strong></span> 
     </span>
     <span class='ocr_line' id='line_1_19' title="bbox 486 2797 1305 2892; baseline 0.006 -25"><span class='ocrx_word' id='word_1_107' title='bbox 486 2798 541 2888; x_wconf 89' lang='lat' dir='ltr'><strong>qui</strong></span> <span class='ocrx_word' id='word_1_108' title='bbox 562 2808 652 2888; x_wconf 90' lang='lat' dir='ltr'><strong>petat</strong></span> <span class='ocrx_word' id='word_1_109' title='bbox 672 2799 705 2866; x_wconf 91' lang='lat' dir='ltr'><strong>in</strong></span> <span class='ocrx_word' id='word_1_110' title='bbox 727 2797 855 2891; x_wconf 90' lang='lat' dir='ltr'><strong>liquidis</strong></span> <span class='ocrx_word' id='word_1_111' title='bbox 878 2822 961 2892; x_wconf 90' lang='lat' dir='ltr'><strong>quae</strong></span> <span class='ocrx_word' id='word_1_112' title='bbox 982 2808 1073 2867; x_wconf 88' lang='lat' dir='ltr'><strong>natet</strong></span> <span class='ocrx_word' id='word_1_113' title='bbox 1093 2823 1173 2870; x_wconf 85' lang='lat' dir='ltr'><strong>urna</strong></span> <span class='ocrx_word' id='word_1_114' title='bbox 1195 2802 1305 2874; x_wconf 76' lang='lat' dir='ltr'><strong>rodis.²</strong></span> 
     </span>
    </p>
   </div>
   <div class='ocr_carea' id='block_1_5' title="bbox 382 3031 1278 3729">
    <p class='ocr_par' dir='ltr' id='par_1_5' title="bbox 382 3031 1278 3729">
     <span class='ocr_line' id='line_1_20' title="bbox 382 3031 1237 3132; baseline 0.014 -35"><span class='ocrx_word' id='word_1_115' title='bbox 382 3033 424 3098; x_wconf 85' lang='grc'><strong>26</strong></span> <span class='ocrx_word' id='word_1_116' title='bbox 445 3031 581 3102; x_wconf 86' lang='lat' dir='ltr'><strong>Viderat</strong></span> <span class='ocrx_word' id='word_1_117' title='bbox 603 3033 734 3102; x_wconf 86' lang='lat' dir='ltr'><strong>excelsa</strong></span> <span class='ocrx_word' id='word_1_118' title='bbox 755 3047 944 3126; x_wconf 88' lang='lat' dir='ltr'><strong>pascentem</strong></span> <span class='ocrx_word' id='word_1_119' title='bbox 966 3059 1046 3128; x_wconf 92' lang='lat' dir='ltr'><strong>rupe</strong></span> <span class='ocrx_word' id='word_1_120' title='bbox 1069 3041 1237 3132; x_wconf 90' lang='lat' dir='ltr'><strong>capellam,</strong></span> 
     </span>
     <span class='ocr_line' id='line_1_21' title="bbox 489 3154 1220 3244; baseline 0.012 -24"><span class='ocrx_word' id='word_1_121' title='bbox 489 3154 669 3221; x_wconf 89' lang='lat' dir='ltr'><strong>comminus</strong></span> <span class='ocrx_word' id='word_1_122' title='bbox 692 3156 836 3222; x_wconf 88' lang='lat' dir='ltr'><strong>esuriens</strong></span> <span class='ocrx_word' id='word_1_123' title='bbox 860 3179 935 3224; x_wconf 89' lang='lat' dir='ltr'><strong>cum</strong></span> <span class='ocrx_word' id='word_1_124' title='bbox 956 3155 1008 3223; x_wconf 89' lang='lat' dir='ltr'><strong>leo</strong></span> <span class='ocrx_word' id='word_1_125' title='bbox 1030 3160 1129 3228; x_wconf 86' lang='lat' dir='ltr'><strong>ferret</strong></span> <span class='ocrx_word' id='word_1_126' title='bbox 1149 3162 1220 3244; x_wconf 88' lang='lat' dir='ltr'><strong>iter,</strong></span> 
     </span>
     <span class='ocr_line' id='line_1_22' title="bbox 445 3266 1278 3367; baseline 0.017 -32"><span class='ocrx_word' id='word_1_127' title='bbox 445 3279 477 3335; x_wconf 91' lang='lat' dir='ltr'><strong>et</strong></span> <span class='ocrx_word' id='word_1_128' title='bbox 497 3272 585 3361; x_wconf 89' lang='lat' dir='ltr'><strong>prior</strong></span> <span class='ocrx_word' id='word_1_129' title='bbox 599 3266 710 3339; x_wconf 82' lang='lat' dir='ltr'><strong>‘heus&#39;</strong></span> <span class='ocrx_word' id='word_1_130' title='bbox 733 3273 836 3364; x_wconf 88' lang='lat' dir='ltr'><strong>inquit</strong></span> <span class='ocrx_word' id='word_1_131' title='bbox 853 3269 1047 3367; x_wconf 83' lang='lat' dir='ltr'><strong>‘praeruptis</strong></span> <span class='ocrx_word' id='word_1_132' title='bbox 1069 3279 1170 3348; x_wconf 91' lang='lat' dir='ltr'><strong>ardua</strong></span> <span class='ocrx_word' id='word_1_133' title='bbox 1191 3277 1278 3350; x_wconf 83' lang='lat' dir='ltr'><strong>saxis</strong></span> 
     </span>
     <span class='ocr_line' id='line_1_23' title="bbox 390 3386 1241 3491; baseline 0.016 -38"><span class='ocrx_word' id='word_1_134' title='bbox 390 3485 393 3490; x_wconf 20' lang='grc'>1</span> <span class='ocrx_word' id='word_1_135' title='bbox 486 3386 606 3480; x_wconf 87' lang='lat' dir='ltr'><strong>linque,</strong></span> <span class='ocrx_word' id='word_1_136' title='bbox 627 3413 689 3459; x_wconf 86' lang='lat' dir='ltr'><strong>nec</strong></span> <span class='ocrx_word' id='word_1_137' title='bbox 711 3391 840 3460; x_wconf 85' lang='lat' dir='ltr'><strong>hirsutis</strong></span> <span class='ocrx_word' id='word_1_138' title='bbox 862 3417 984 3486; x_wconf 86' lang='lat' dir='ltr'><strong>pascua</strong></span> <span class='ocrx_word' id='word_1_139' title='bbox 1007 3419 1126 3488; x_wconf 89' lang='lat' dir='ltr'><strong>quaere</strong></span> <span class='ocrx_word' id='word_1_140' title='bbox 1147 3401 1241 3491; x_wconf 84' lang='lat' dir='ltr'><strong>iugis,</strong></span> 
     </span>
     <span class='ocr_line' id='line_1_24' title="bbox 415 3507 1278 3604; baseline 0.021 -34"><span class='ocrx_word' id='word_1_141' title='bbox 415 3507 502 3575; x_wconf 83' lang='lat' dir='ltr'><strong>seed</strong></span> <span class='ocrx_word' id='word_1_142' title='bbox 524 3511 617 3598; x_wconf 88' lang='lat' dir='ltr'><strong>cytisi</strong></span> <span class='ocrx_word' id='word_1_143' title='bbox 638 3534 791 3580; x_wconf 89' lang='lat' dir='ltr'><strong>croceum</strong></span> <span class='ocrx_word' id='word_1_144' title='bbox 812 3536 871 3604; x_wconf 92' lang='lat' dir='ltr'><strong>per</strong></span> <span class='ocrx_word' id='word_1_145' title='bbox 892 3524 983 3604; x_wconf 90' lang='lat' dir='ltr'><strong>prata</strong></span> <span class='ocrx_word' id='word_1_146' title='bbox 1008 3517 1143 3585; x_wconf 84' lang='lat' dir='ltr'><strong>virentia</strong></span> <span class='ocrx_word' id='word_1_147' title='bbox 1164 3518 1278 3588; x_wconf 88' lang='lat' dir='ltr'><strong>florem</strong></span> 
     </span>
     <span class='ocr_line' id='line_1_25' title="bbox 487 3627 1224 3729; baseline 0.019 -37"><span class='ocrx_word' id='word_1_148' title='bbox 487 3635 519 3693; x_wconf 90' lang='lat' dir='ltr'><strong>et</strong></span> <span class='ocrx_word' id='word_1_149' title='bbox 540 3627 670 3717; x_wconf 86' lang='lat' dir='ltr'><strong>glaucas</strong></span> <span class='ocrx_word' id='word_1_150' title='bbox 693 3631 807 3700; x_wconf 90' lang='lat' dir='ltr'><strong>salices</strong></span> <span class='ocrx_word' id='word_1_151' title='bbox 831 3641 863 3700; x_wconf 90' lang='lat' dir='ltr'><strong>ct</strong></span> <span class='ocrx_word' id='word_1_152' title='bbox 886 3630 994 3722; x_wconf 91' lang='lat' dir='ltr'><strong>thyma</strong></span> <span class='ocrx_word' id='word_1_153' title='bbox 1016 3645 1107 3723; x_wconf 80' lang='lat' dir='ltr'><strong>grata</strong></span> <span class='ocrx_word' id='word_1_154' title='bbox 1129 3633 1224 3729; x_wconf 69' lang='lat' dir='ltr'><strong>pete?</strong></span> 
     </span>
    </p>
   </div>
   <div class='ocr_carea' id='block_1_6' title="bbox 379 3885 858 3956">
    <p class='ocr_par' dir='ltr' id='par_1_6' title="bbox 379 3885 858 3956">
     <span class='ocr_line' id='line_1_26' title="bbox 379 3885 858 3956; baseline 0.008 -19"><span class='ocrx_word' id='word_1_155' title='bbox 379 3885 413 3937; x_wconf 81' lang='lat'><strong>15</strong></span> <span class='ocrx_word' id='word_1_156' title='bbox 432 3901 586 3952; x_wconf 79' lang='lat' dir='ltr'><strong>oppressum</strong></span> <span class='ocrx_word' id='word_1_157' title='bbox 603 3904 734 3939; x_wconf 77' lang='lat' dir='ltr'><strong>nararnaorc</strong></span> <span class='ocrx_word' id='word_1_158' title='bbox 753 3906 858 3956; x_wconf 75' lang='lat' dir='ltr'><strong>nroqao.</strong></span> 
     </span>
    </p>
   </div>
   <div class='ocr_carea' id='block_1_7' title="bbox 379 3977 1440 4237">
    <p class='ocr_par' dir='ltr' id='par_1_7' title="bbox 379 3977 1440 4237">
     <span class='ocr_line' id='line_1_27' title="bbox 445 3977 1440 4062; baseline 0.015 -32"><span class='ocrx_word' id='word_1_159' title='bbox 445 3977 490 4040; x_wconf 78' lang='lat'><strong>25,</strong></span> <span class='ocrx_word' id='word_1_160' title='bbox 508 3980 525 4028; x_wconf 86' lang='lat'><strong>2</strong></span> <span class='ocrx_word' id='word_1_161' title='bbox 543 3977 605 4031; x_wconf 88' lang='lat' dir='ltr'><strong>libri</strong></span> <span class='ocrx_word' id='word_1_162' title='bbox 622 3981 808 4045; x_wconf 74' lang='lat' dir='ltr'><strong>srmcrvouat&#39;s,</strong></span> <span class='ocrx_word' id='word_1_163' title='bbox 828 3982 845 4031; x_wconf 82' lang='lat'><strong>3</strong></span> <span class='ocrx_word' id='word_1_164' title='bbox 863 3983 978 4034; x_wconf 81' lang='lat' dir='ltr'><strong>collidus</strong></span> <span class='ocrx_word' id='word_1_165' title='bbox 996 3983 1063 4036; x_wconf 79' lang='lat' dir='ltr'><strong>laroc</strong></span> <span class='ocrx_word' id='word_1_166' title='bbox 1081 3987 1202 4040; x_wconf 79' lang='lat' dir='ltr'><strong>lacrimis</strong></span> <span class='ocrx_word' id='word_1_167' title='bbox 1222 3997 1365 4058; x_wconf 81' lang='lat' dir='ltr'><strong>postquam</strong></span> <span class='ocrx_word' id='word_1_168' title='bbox 1383 3995 1440 4062; x_wconf 73' lang='lat' dir='ltr'><strong>sur,</strong></span> 
     </span>
     <span class='ocr_line' id='line_1_28' title="bbox 379 4063 1439 4146; baseline 0.021 -29"><span class='ocrx_word' id='word_1_169' title='bbox 379 4063 395 4117; x_wconf 90' lang='grc'><strong>7</strong></span> <span class='ocrx_word' id='word_1_170' title='bbox 413 4067 557 4120; x_wconf 79' lang='lat' dir='ltr'><strong>sollicitam</strong></span> <span class='ocrx_word' id='word_1_171' title='bbox 575 4073 603 4120; x_wconf 87' lang='lat' dir='ltr'><strong>et</strong></span> <span class='ocrx_word' id='word_1_172' title='bbox 621 4070 743 4136; x_wconf 79' lang='lat' dir='ltr'><strong>inprobo.</strong></span> <span class='ocrx_word' id='word_1_173' title='bbox 780 4074 814 4124; x_wconf 87' lang='grc'><strong>12</strong></span> <span class='ocrx_word' id='word_1_174' title='bbox 833 4074 923 4126; x_wconf 82' lang='lat' dir='ltr'><strong>tristis</strong></span> <span class='ocrx_word' id='word_1_175' title='bbox 940 4081 970 4130; x_wconf 83' lang='lat' dir='ltr'><strong>at</strong></span> <span class='ocrx_word' id='word_1_176' title='bbox 989 4075 1218 4146; x_wconf 73' lang='lat' dir='ltr'><strong>Cannegieterus‚</strong></span> <span class='ocrx_word' id='word_1_177' title='bbox 1245 4080 1306 4133; x_wconf 88' lang='lat' dir='ltr'><strong>libri</strong></span> <span class='ocrx_word' id='word_1_178' title='bbox 1325 4087 1439 4139; x_wconf 78' lang='lat' dir='ltr'><strong>tristior.</strong></span> 
     </span>
     <span class='ocr_line' id='line_1_29' title="bbox 380 4153 1173 4237; baseline 0.024 -34"><span class='ocrx_word' id='word_1_179' title='bbox 380 4153 413 4204; x_wconf 82' lang='lat'><strong>15</strong></span> <span class='ocrx_word' id='word_1_180' title='bbox 431 4153 495 4207; x_wconf 82' lang='lat' dir='ltr'><strong>benc</strong></span> <span class='ocrx_word' id='word_1_181' title='bbox 514 4157 584 4210; x_wconf 88' lang='lat' dir='ltr'><strong>libri.</strong></span> <span class='ocrx_word' id='word_1_182' title='bbox 619 4159 654 4210; x_wconf 88' lang='grc'><strong>16</strong></span> <span class='ocrx_word' id='word_1_183' title='bbox 672 4175 764 4212; x_wconf 87' lang='lat' dir='ltr'><strong>omnes</strong></span> <span class='ocrx_word' id='word_1_184' title='bbox 781 4169 861 4228; x_wconf 79' lang='lat' dir='ltr'><strong>putot</strong></span> <span class='ocrx_word' id='word_1_185' title='bbox 880 4165 923 4218; x_wconf 85' lang='lat' dir='ltr'><strong>vel</strong></span> <span class='ocrx_word' id='word_1_186' title='bbox 939 4173 1027 4232; x_wconf 82' lang='lat' dir='ltr'><strong>putet,</strong></span> <span class='ocrx_word' id='word_1_187' title='bbox 1046 4171 1074 4218; x_wconf 88' lang='lat' dir='ltr'><strong>et</strong></span> <span class='ocrx_word' id='word_1_188' title='bbox 1093 4171 1173 4237; x_wconf 79' lang='lat' dir='ltr'><strong>quod.</strong></span> 
     </span>
    </p>
   </div>
   <div class='ocr_carea' id='block_1_8' title="bbox 0 0 1570 5304">
    <p class='ocr_par' dir='ltr' id='par_1_8' title="bbox 0 0 1570 5304">
     <span class='ocr_line' id='line_1_30' title="bbox 0 0 1570 5304; baseline 0 0"><span class='ocrx_word' id='word_1_189' title='bbox 0 0 1570 5304; x_wconf 95' lang='lat' dir='ltr'><strong> </strong></span> 
     </span>
    </p>
   </div>
  </div>
 </body>
</html>
