3130 5304
862 483 905 550 22

420 659 478 728 sed
499 663 672 748 postquam
692 657 793 725 inuito
815 653 999 723 detractans
1021 649 1151 720 vincula
1170 651 1257 722 sollo

380 799 410 845 ιο
465 778 646 844 inmeritam
667 793 752 842 vana
775 773 865 841 ealce
887 773 999 863 fatigat
1019 769 1163 855 humum,

422 897 573 964 continuo
597 912 745 962 eversam
766 893 902 983 pedibus
925 891 1080 981 dispergit
1100 890 1267 975 harenam,

464 1031 561 1106 quana
582 1014 615 1080 in
639 1012 758 1079 domini
781 1031 859 1079 aura
881 1011 987 1078 serens
1009 1031 1067 1077 ora
1089 1011 1252 1101 sequentis
1275 1021 1358 1102 agat.

419 1141 496 1200 tunc
517 1131 569 1199 hie
589 1131 717 1200 inlonni
738 1129 923 1222 squalentes
944 1126 1080 1219 pulvere
1103 1130 1206 1198 crines

465 1252 638 1319 discutiens
659 1251 725 1316 imo
747 1257 880 1340 pectore
902 1249 1007 1316 motus
1030 1249 1074 1315 ait

380 1364 469 1439 ao‘ni
488 1370 605 1436 mirum
627 1367 814 1458 exemplum
835 1377 970 1435 naturae
992 1368 1103 1439 deerat
1122 1368 1260 1458 iniquae,

464 1510 527 1579 qua
549 1486 617 1556 lieri
636 1507 751 1579 posses
775 1508 849 1554 oum
871 1487 996 1552 ratione
1015 1477 1157 1552 nocens?
1276 1461 1281 1474 ’
1384 1473 1387 1476 ’

356 1727 399 1795 29
420 1724 559 1794 Horrida
581 1727 744 1818 congestis
767 1739 842 1792 curn
862 1730 965 1792 staret
985 1721 1100 1792 bruma
1118 1723 1240 1814 pruinis

464 1848 638 1938 vinctaque
661 1843 774 1912 durato
796 1827 969 1932 stringeret
991 1861 1068 1909 arva
1090 1840 1175 1932 gelu,

421 1964 526 2030 haesit
545 1965 578 2030 in
598 1964 735 2032 adversa
755 1964 938 2031 nimborum
959 1959 1046 2028 mole
1068 1961 1188 2028 viator:

464 2082 589 2174 perdita
611 2105 688 2150 nam
708 2079 858 2174 prohibet
879 2082 992 2150 semita
1015 2081 1099 2147 fene
1121 2079 1267 2172 gradum.

393 2198 508 2271 ahuno
529 2223 699 2270 nemorum
714 2209 831 2271 ‘custos
853 2202 954 2268 iortur
974 2199 1144 2268 miseratus
1165 2201 1198 2266 in
1217 2209 1311 2269 antro

464 2329 639 2410 exceptum
659 2327 787 2408 satyrus
808 2319 1006 2387 continuisse
1028 2337 1097 2386 suo.

421 2457 519 2532 quent
539 2438 637 2508 simod
659 2438 809 2506 adsidens
829 2439 913 2505 ruris
933 2439 1069 2505 miratur
1087 2436 1248 2520 alumnus,

461 2560 593 2648 vimque
612 2557 734 2625 homini
756 2564 878 2623 tantam
897 2558 1039 2646 pectoris
1060 2573 1134 2623 esse
1155 2569 1267 2646 pavet:

419 2699 496 2744 nam
517 2674 640 2768 gelidos
663 2683 750 2742 artus
771 2675 857 2742 vitae
875 2683 913 2741 ut
933 2683 1103 2742 revocaret
1123 2677 1156 2742 in
1178 2699 1284 2759 usum,

381 2817 412 2863 ιο
470 2795 603 2864 adllatas
625 2793 729 2864 calido
750 2794 876 2860 foverat
894 2813 955 2860 ore
977 2812 1100 2861 manus.

419 2913 477 2982 sed
500 2935 575 2981 cum
598 2911 734 3004 depulso
756 2913 918 3003 coepisset
937 2913 1056 3003 frigore
1076 2913 1180 2982 laetus
1206 2957 1233 2964 --

464 3028 598 3121 hospitis
622 3029 739 3098 eximia
762 3029 932 3100 sedulitate
953 3033 1024 3115 frui,

420 3150 549 3240 iamque
570 3149 635 3233 ille,
655 3157 818 3240 agrestem
839 3151 973 3241 cupiens
997 3149 1168 3219 ostendere
1189 3143 1297 3232 niman,

463 3265 617 3336 silvanum
638 3269 782 3336 referens
803 3271 926 3359 optirna
949 3287 1097 3360 quaeque
1119 3270 1219 3352 daret,
1314 3285 1317 3294 ’

380 3409 410 3455 ιο
424 3385 538 3456 obtulit
560 3396 593 3454 et
613 3385 716 3456 calido
738 3387 871 3479 plenum
894 3396 1018 3456 cratera
1039 3385 1161 3478 Lyaeo,

461 3504 551 3575 laxet
573 3515 609 3576 ut
629 3505 752 3594 inlusus
775 3506 889 3596 frigida
909 3507 1054 3574 membra
1075 3516 1177 3599 tepor.

355 3800 374 3852 u
391 3799 464 3852 irato
483 3813 585 3852 omnen.
621 3799 657 3854 10
673 3814 759 3850 oosao
776 3801 819 3852 rel
836 3815 917 3852 uocato
931 3798 1000 3852 libri.
1038 3801 1072 3853 12
1090 3817 1168 3869 quom
1180 3802 1258 3869 feras
1274 3802 1304 3854 in
1318 3802 1416 3854 domini

356 3905 407 3942 oro
425 3905 527 3942 ornnes.
563 3891 621 3958 nott
639 3889 694 3943 alii.
731 3891 765 3942 13
785 3898 847 3943 tamo
863 3891 903 3942 sio
919 3893 963 3943 vel
981 3898 1036 3943 tam
1054 3891 1094 3943 sio
1110 3889 1180 3947 libn'.

426 3983 462 4034 29
480 3980 589 4048 (Corsis
606 3982 681 4048 126),
697 3983 715 4036 3
732 3981 908 4036 membrorum
925 3981 1056 4051 plerique.
1093 3983 1110 4036 5
1128 3985 1216 4038 cultor
1233 3981 1418 4050 Cannegiote-

356 4085 410 4124 rus.
445 4073 462 4126 7
481 4074 614 4139 aspiciens
632 4073 707 4141 libri,
725 4073 742 4126 8
760 4076 899 4146 protinas,
918 4074 952 4127 10
968 4075 1097 4127 soluerat.
1133 4077 1167 4129 13
1185 4076 1298 4145 nomque
1315 4091 1416 4142 omnes,

359 4166 424 4216 tanc
442 4163 485 4216 itti
501 4163 632 4233 plerique.
669 4166 702 4223 14
721 4164 796 4218 dotia
815 4181 884 4219 unas
902 4165 1039 4234 antiquus,
1057 4164 1142 4220 ceteri
1160 4167 1251 4222 dator.
